@article{carmichael2001triple,
  title={Triple module redundancy design techniques for Virtex FPGAs},
  author={Carmichael, Carl},
  journal={Xilinx Application Note XAPP197},
  volume={1},
  year={2001}
}

@ARTICLE{Bariloche,
author={Alexandre Coelho  and Miguel Solinas Jr. and Juan A. Fraire and 
and Pablo A. Ferreyra and Raoul Velazco}, 
journal={LASCAS},
title={NETFI-2: An Automatic Method for Fault Injection on HDL-Based Designs
}, 
year={2017},
keywords={Fault Injection, Hardware Description Language, Single Event Upsets, FPGAs.}, 
month={February},}


@ARTICLE{SanLuis,
author={Miguel Solinas Jr. and Juan A. Fraire and Alexandre Coelho
and Pablo A. Ferreyra and Raoul Velazco}, 
journal={UEA Congreso de Micro Electronica Aplicada},
title={Primeros Resultados con NETFI-2: Una Nueva
Herramienta para la Inyección de Fallos en Diseños Basados en HDL 
}, 
year={2016},
keywords={Terms—Inyeccion de fallos, lenguaje de descripcion de hardware, single event upsets, FPGAs.}, 
month={October },}


@ARTICLE{Alemania,
author={A. Coelho
and M. Solinas Jr.
and R. Laurent
and E. Mazer
and N. Zergainoh
and J. Fraire
and S. Karaoui
and R. Velazco}, 
journal={RADECS RADiation Effects on Components and System conference },
title={Evidences of Bayesian Machines Robustness
Against SEUs and SETs
}, 
year={2016},
keywords={Terms—Fault injection, Stochastic computation, Soft-
errors, Bayesian machine.}, 
month={Set},}

@ARTICLE{Alemania2,
author={A. Coelho and M. Solinas Jr.and R. Laurent and E. Mazer and N. Zergainoh and J. Fraire and S. Karaoui and R. Velazco}, 
journal={IEEE TNS },
title={On the Robustness of Stochastic Bayesian Machines
}, 
year={2016},
keywords={Fault injection, Soft-errors, Stochastic computing, Bayesian calculations.}, 
month={Oct},}



@ARTICLE{6555963, 
author={W. Mansour and R. Velazco}, 
journal={IEEE Transactions on Nuclear Science}, 
title={An Automated SEU Fault-Injection Method and Tool for HDL-Based Designs}, 
year={2013}, 
volume={60}, 
number={4}, 
pages={2728-2733}, 
keywords={fault diagnosis;hardware description languages;integrated circuit design;integrated circuit testing;microcontrollers;radiation hardening (electronics);8051 microcontroller;HDL-based design;SEU error-rate prediction;automated SEU fault-injection method;integrated circuit;radiation ground testing;soft-error sensitivity;Circuit faults;Field programmable gate arrays;Hardware;Hardware design languages;Integrated circuit modeling;Program processors;Testing;Fault injection;SRAM-based FPGA;hardware description language;single event upsets}, 
doi={10.1109/TNS.2013.2267097}, 
ISSN={0018-9499}, 
month={Aug},}

@INPROCEEDINGS{4638624, 
author={P. Peronnard and R. Velazco and G. Foucard and V. Pouget and G. Berger and F. Charlier and F. Boldrin}, 
booktitle={2008 IEEE Radiation Effects Data Workshop}, 
title={Remote SEE Testing Capabilities with Heavy Ions and Laser Beams at CYCLONE-HIF and ATLAS Facilities}, 
year={2008}, 
pages={106-109}, 
keywords={integrated circuit testing;ion beam effects;laser beam effects;radiation hardening (electronics);ATLAS laser facility;CYCLONE-HIF heavy ion facility;SEE remote testing capabilities;electronic testbed;heavy ion irradiation;laser testing facility;single-event effects;Circuit testing;Costs;Electronic equipment testing;Hardware design languages;Integrated circuit testing;Ion beams;Laser beams;Logic testing;Performance evaluation;System testing}, 
doi={10.1109/REDW.2008.26}, 
ISSN={2154-0519}, 
month={July},}
@ARTICLE{6678236, 
author={W. Mansour and R. Velazco and G. Hubert}, 
journal={IEEE Transactions on Nuclear Science}, 
title={Error-Rate Estimation Combining SEE Static Cross-Section Predictions and Fault-Injections Performed on HDL-Based Designs}, 
year={2013}, 
volume={60}, 
number={6}, 
pages={4238-4242}, 
keywords={integrated circuit design;microcontrollers;radiation hardening (electronics);8051 microcontroller;HDL-based design;Leon2 processor;MUSCA SEP3;MUSCA SEP3-NETFI approach;NETFI method;NETlist fault injection;SEE static cross-section prediction;design phase;error rate estimation;fault injection;integrated circuits;multiscale single event phenomena predictive platform;netlist level;static SBU cross-sections;Circuit faults;Error analysis;Field programmable gate arrays;Hardware design languages;Integrated circuit modeling;Single event upsets;Cross-sections;SRAM-based FPGA;fault injection;hardware description language;single event upsets}, 
doi={10.1109/TNS.2013.2285019}, 
ISSN={0018-9499}, 
month={Dec},}

@ARTICLE{960357, 
author={S. Rezgui and R. Velazco and R. Ecoffet and S. Rodriguez and J. R. Mingo}, 
journal={IEEE Transactions on Nuclear Science}, 
title={Estimating error rates in processor-based architectures}, 
year={2001}, 
volume={48}, 
number={5}, 
pages={1680-1687}, 
keywords={aerospace computing;aerospace testing;computer architecture;computer testing;microcomputers;digital architectures;error rate estimation;fault injection;microprocessor;processor-based architectures;radiation testing;satellite project;space application;Circuit faults;Circuit testing;Error analysis;Helium;Instruments;Laboratories;Microprocessors;Satellites;Single event upset;Space vehicles}, 
doi={10.1109/23.960357}, 
ISSN={0018-9499}, 
month={Oct},}
@ARTICLE{1589184, 
author={F. Faure and R. Velazco and P. Peronnard}, 
journal={IEEE Transactions on Nuclear Science}, 
title={Single-event-upset-like fault injection: a comprehensive framework}, 
year={2005}, 
volume={52}, 
number={6}, 
pages={2205-2209}, 
keywords={field programmable gate arrays;integrated circuit testing;microprocessor chips;radiation hardening (electronics);FPGA based fault injection;microprocessors vulnerability;radiation ground testing;single event upset;Application software;Benchmark testing;Hardware;Helium;Microprocessors;Registers;SPICE;Single event upset;Software measurement;Writing;Fault injection;microprocessor;single event upsets}, 
doi={10.1109/TNS.2005.860689}, 
ISSN={0018-9499}, 
month={Dec},}

@INPROCEEDINGS{4567109, 
author={V. Pouget and A. Douin and G. Foucard and P. Peronnard and D. Lewis and P. Fouillat and R. Velazco}, 
booktitle={2008 14th IEEE International On-Line Testing Symposium}, 
title={Dynamic Testing of an SRAM-Based FPGA by Time-Resolved Laser Fault Injection}, 
year={2008}, 
pages={295-301}, 
keywords={SRAM chips;dynamic testing;field programmable gate arrays;logic testing;synchronisation;DES crypto-core;SRAM-based FPGA;Xilinx Virtex II;dynamic testing;pulsed laser;synchronization;time-resolved fault injection;Circuit faults;Circuit testing;Cryptography;Electronic equipment testing;Field programmable gate arrays;Laser modes;Optical pulses;Photoconductivity;Timing;Vehicle dynamics;FPGA;dynamic testing;fault injection;pulsed laser}, 
doi={10.1109/IOLTS.2008.39}, 
ISSN={1942-9398}, 
month={July},}

@INPROCEEDINGS{4677290, 
author={P. Peronnard and R. Ecoffet and M. Pignol and D. Bellin and R. Velazco}, 
booktitle={2008 IEEE International Symposium on Industrial Electronics}, 
title={Predicting the SEU error rate through fault injection for a complex microprocessor}, 
year={2008}, 
pages={2288-2292}, 
keywords={fault simulation;integrated circuit testing;logic design;microprocessor chips;Power PC 7448;SEU error rate;complex microprocessor;fault injection;radiation ground testing;Application software;Circuit faults;Circuit testing;Communication system control;Error analysis;Field programmable gate arrays;Microprocessors;Performance evaluation;Single event upset;Software testing}, 
doi={10.1109/ISIE.2008.4677290}, 
ISSN={2163-5137}, 
month={June},}

@inproceedings{faure2002thesic+,
  title={Thesic+: A flexible system for see testing},
  author={Faure, F and Peronnard, P and Velazco, R and Ecoffet, R},
  booktitle={Proc. of RADECS},
  year={2002}
}

@INPROCEEDINGS{6261258, 
author={W. Mansour and R. Velazco}, 
booktitle={2012 13th Latin American Test Workshop (LATW)}, 
title={SEU fault-injection in VHDL-based processors: A case study}, 
year={2012}, 
pages={1-5}, 
keywords={CEU;CPU;FPGA;VHDL;fault injection;radiation effects;soft error}, 
doi={10.1109/LATW.2012.6261258}, 
ISSN={2373-0862}, 
month={April},}
@article{naviner2011fifa,
  title={FIFA: A fault-injection--fault-analysis-based tool for reliability assessment at RTL level},
  author={Naviner, Lirida AB and Naviner, J-F and dos Santos, GG and Marques, E Crespo and Paiva, NM},
  journal={Microelectronics Reliability},
  volume={51},
  number={9},
  pages={1459--1463},
  year={2011},
  publisher={Elsevier}
}

@INPROCEEDINGS{6131392, 
author={J. M. Mogollon and H. Guzmán-Miranda and J. Nápoles and J. Barrientos and M. A. Aguirre}, 
booktitle={Radiation and Its Effects on Components and Systems (RADECS), 2011 12th European Conference on}, 
title={FTUNSHADES2: A novel platform for early evaluation of robustness against SEE}, 
year={2011}, 
pages={169-174}, 
keywords={digital integrated circuits;integrated circuit design;radiation hardening (electronics);FTUNSHADES2;SEE;digital integrated circuits;emulation-based fault injection platform;hardening techniques;harsh radiation environments;modern deep-submicron technologies;semiconductor surface;single event effects;Circuit faults;Clocks;Field programmable gate arrays;Hardware;Registers;Single event upset;Testing;FPGA;Fault Injection;MBU;Microprocessors;SET;SEU;Single Event Effects}, 
doi={10.1109/RADECS.2011.6131392}, 
ISSN={0379-6566}, 
month={Sept},}

@INPROCEEDINGS{6176538, 
author={A. Mohammadi and M. Ebrahimi and A. Ejlali and S. G. Miremadi}, 
booktitle={2012 Design, Automation Test in Europe Conference Exhibition (DATE)}, 
title={SCFIT: A FPGA-based fault injection technique for SEU fault model}, 
year={2012}, 
pages={586-589}, 
keywords={field programmable gate arrays;flip-flops;Altera FPGA debugging facilities;FPGAs built-in facilities;Leon2 processor;SCFIT;SEU Fault Model;SEU fault model;easy-to-develop FPGA-based fault injection technique;flip-flops;memory units;Circuit faults;Clocks;Debugging;Field programmable gate arrays;Probes;Radiation detectors;Registers}, 
doi={10.1109/DATE.2012.6176538}, 
ISSN={1530-1591}, 
month={March},}

@INPROCEEDINGS{4579806, 
author={M. Shokrolah-Shirazi and S. G. Miremadi}, 
booktitle={Secure System Integration and Reliability Improvement, 2008. SSIRI '08. Second International Conference on}, 
title={FPGA-Based Fault Injection into Synthesizable Verilog HDL Models}, 
year={2008}, 
pages={143-149}, 
keywords={fault simulation;fault tolerance;field programmable gate arrays;hardware description languages;FPGA-based fault injection tool;OpenRISC 1200 microprocessor;simulation-based fault injection;synthesizable Verilog HDL model;Circuit faults;Circuit simulation;Circuit synthesis;Control system synthesis;Controllability;Digital systems;Field programmable gate arrays;Hardware design languages;Microprocessors;Observability}, 
doi={10.1109/SSIRI.2008.47}, 
month={July},}

@INPROCEEDINGS{1250147, 
author={H. R. Zarandi and S. G. Miremadi and A. Ejlali}, 
booktitle={Defect and Fault Tolerance in VLSI Systems, 2003. Proceedings. 18th IEEE International Symposium on}, 
title={Dependability analysis using a fault injection tool based on synthesizability of HDL models}, 
year={2003}, 
pages={485-492}, 
keywords={circuit reliability;fault simulation;hardware description languages;logic simulation;logic testing;32 bit;ALU;HDL model synthesizability;SINJECT;VHDL;Verilog;arithmetic processor;dependability analysis;fault coverage;fault injection tool;fault propagation;nonsynthesizable fault models;permanent fault injection;synthesizable fault models;transient fault injection;Fault tolerant systems;Hardware design languages;Very large scale integration}, 
doi={10.1109/DFTVS.2003.1250147}, 
ISSN={1550-5774}, 
month={Nov},}

@INPROCEEDINGS{1267675, 
author={H. R. Zarandi and S. G. Miremadi and A. Ejlali}, 
booktitle={Parallel and Distributed Computing, 2003. Proceedings. Second International Symposium on}, 
title={Fault injection into verilog models for dependability evaluation of digital systems}, 
year={2003}, 
pages={281-287}, 
keywords={Circuit faults;Computational modeling;Delay;Design engineering;Digital systems;Error correction;Hardware design languages;Parameter estimation;Semiconductor device modeling;Switches}, 
doi={10.1109/ISPDC.2003.1267675}, 
month={Oct},}

@INPROCEEDINGS{689467, 
author={J. Boue and P. Petillon and Y. Crouzet}, 
booktitle={Fault-Tolerant Computing, 1998. Digest of Papers. Twenty-Eighth Annual International Symposium on}, 
title={MEFISTO-L: a VHDL-based fault injection tool for the experimental assessment of fault tolerance}, 
year={1998}, 
pages={168-173}, 
keywords={circuit reliability;circuit testing;hardware description languages;MEFISTO-L a VHDL-based fault injection tool;embedded VHDL code analyzer;fault tolerance deficiency faults;fault tolerance mechanisms;synchronization;Application software;Circuit faults;Circuit simulation;Circuits and systems;Delay;Fault tolerance;Fault tolerant systems;Guidelines;Process design;Testing}, 
doi={10.1109/FTCS.1998.689467}, 
ISSN={0731-3071}, 
month={June},}

@ARTICLE{544533, 
author={T. A. Delong and B. W. Johnson and J. A. Profeta}, 
journal={IEEE Design Test of Computers}, 
title={A fault injection technique for VHDL behavioral-level models}, 
year={1996}, 
volume={13}, 
number={4}, 
pages={24-33}, 
keywords={control system CAD;control system analysis computing;digital simulation;hardware description languages;railways;software fault tolerance;VHDL behavioral level model;embedded control system;fail safe operation;fault injection;fault injection technique;railway industry;simulation;Computational modeling;Fault tolerance;Fault tolerant systems;Hardware;Instruction sets;Logic testing;Microelectronics;Parameter estimation;Process design;Switches}, 
doi={10.1109/54.544533}, 
ISSN={0740-7475}, 
month={Winter},}

@INPROCEEDINGS{315656, 
author={E. Jenn and J. Arlat and M. Rimen and J. Ohlsson and J. Karlsson}, 
booktitle={Fault-Tolerant Computing, 1994. FTCS-24. Digest of Papers., Twenty-Fourth International Symposium on}, 
title={Fault injection into VHDL models: the MEFISTO tool}, 
year={1994}, 
pages={66-75}, 
keywords={computer testing;fault tolerant computing;formal verification;software tools;specification languages;MEFISTO tool;VHDL;fault injection methodology;fault-tolerant systems;simulation language;Analytical models;Computational modeling;Contracts;Costs;Fault tolerant systems;Genetic mutations;Hardware;Laboratories;Predictive models;Process design}, 
doi={10.1109/FTCS.1994.315656}, 
month={June},}

@INPROCEEDINGS{614074, 
author={V. Sieh and O. Tschache and F. Balbach}, 
booktitle={Fault-Tolerant Computing, 1997. FTCS-27. Digest of Papers., Twenty-Seventh Annual International Symposium on}, 
title={VERIFY: evaluation of reliability using VHDL-models with embedded fault descriptions}, 
year={1997}, 
pages={32-36}, 
keywords={digital simulation;fault tolerant computing;hardware description languages;microprocessor chips;safety-critical software;software tools;32-bit processor;DP32;VERIFY;VHDL-models;digital systems;embedded fault descriptions;functionality;hardware components;reliability evaluation;simulation based fault injector;software tool;Computational modeling;Computer science;Computer simulation;Controllability;Digital systems;Hardware;Observability;Pins;Software tools;System testing}, 
doi={10.1109/FTCS.1997.614074}, 
ISSN={0731-3071}, 
month={June},}
@article{arlat1990fault,
  title={Fault injection for dependability validation: A methodology and some applications},
  author={Arlat, Jean and Aguera, Martine and Amat, Louis and Crouzet, Yves and Fabre, J-C and Laprie, J-C and Martins, Eliane and Powell, David},
  journal={IEEE Transactions on Software Engineering},
  volume={16},
  number={2},
  pages={166--182},
  year={1990},
  publisher={IEEE}
}
@inproceedings{madeira1994rifle,
  title={RIFLE: A general purpose pin-level fault injector},
  author={Madeira, Henrique and Rela, M{\'a}rio and Moreira, Francisco and Silva, Jo{\~a}o Gabriel},
  booktitle={European Dependable Computing Conference},
  pages={197--216},
  year={1994},
  organization={Springer}
}

@inproceedings{folkesson1998comparison,
  title={A comparison of simulation based and scan chain implemented fault injection},
  author={Folkesson, Peter and Svensson, Sven and Karlsson, Johan},
  booktitle={Fault-Tolerant Computing, 1998. Digest of Papers. Twenty-Eighth Annual International Symposium on},
  pages={284--293},
  year={1998},
  organization={IEEE}
}
@ARTICLE{340569, 
author={P. Lestrat and C. Terrier and F. Estreme and L. H. Rosier}, 
journal={IEEE Transactions on Nuclear Science}, 
title={SOI 68T020 heavy ions evaluation}, 
year={1994}, 
volume={41}, 
number={6}, 
pages={2240-2243}, 
keywords={integrated circuit testing;ion beam effects;silicon-on-insulator;0.8 micron;68020 transfer;68T020;CEA-LETI;HSOI4CB;SEL;SEU;SOI bulk compatible process;Si;THOMSON-CSF;heavy ions evaluation;single event latchup;single event upset;CMOS technology;Cache memory;Circuits;Databases;Inverters;Microprocessors;Single event upset;Space technology;Standards development;Testing}, 
doi={10.1109/23.340569}, 
ISSN={0018-9499}, 
month={Dec},}

@inproceedings{koga1997single,
  title={Single event functional interrupt (SEFI) sensitivity in microcircuits},
  author={Koga, R and Penzin, SH and Crawford, KB and Crain, WR},
  booktitle={Radiation and Its Effects on Components and Systems, 1997. RADECS 97. Fourth European Conference on},
  pages={311--318},
  year={1997},
  organization={IEEE}
}


@incollection{ grandstrand:2004,
  author      = "ESA Requirements and Standard Division",
  title       = "z",
  editor      = "Noordwijk, The Netherlands",
  booktitle   = "ECSS-Q-HB-60-02A",
  year        = 2011,
  pages       = "31-32",
  chapter     = 5,
}


@misc{CERN1,
  title= {A schematic cross-section drawing of a MOS device shows the interaction of an energetic heavy ion with the device structure. Note the incoming particle track, the funneling region, and the collection of the generated charge by the reverse-biased drain to body junction. },
   author={Copyright: CERN},
   number = {32}, 
  note={\url{http://electronicdesign.com/analog/hardening-and-testing-semiconductor-devices-space-radiation-environment}
}

@article{CERN123,
  title= {Energy deposited by different particles as they penetrate matter such as human tissue. },
   author={Copyright: CERN},
   number = {32}, 
  note={\url{http://www.quantumdiaries.org/2012/02/15/the-hidden-face-of-cern/}
}

@MISC{Nandu,
  title= {Controlador de inyeciones },
   author={Miguel Solinas},
  note={\url{https://www.dropbox.com/s/qrbnxj5rmdu3vrm/nandu_v01.rar?dl=0
}
}


@article{duzellier2004space1,
  title={Space Radiation Environment and its Effects on Spacecraft Components and Systems, chapter Single Event Effects: analysis and testing},
  author={Duzellier, S},
  year={2004}
}

@article{duzellier2004space,
  title={Space Radiation Environment and its Effects on Spacecraft Components and Systems, chapter Single Event Effects: analysis and testing},
  author={Duzellier, S},
  year={2004}
}

@ARTICLE{1208572, 
author={T. R. Oldham and F. B. McLean}, 
journal={IEEE Transactions on Nuclear Science}, 
title={Total ionizing dose effects in MOS oxides and devices}, 
year={2003}, 
volume={50}, 
number={3}, 
pages={483-499}, 
doi={10.1109/TNS.2003.812927}, 
ISSN={0018-9499}, 
month={June},}

@INPROCEEDINGS{316523, 
author={L. Chen and P. J. McNulty and W. G. Abdel-Kader and T. L. Miller and D. A. Thompson}, 
booktitle={Radiation and its Effects on Components and Systems, 1993.,RADECS 93., Second European Conference on}, 
title={Single and multiple proton-induced NIEL events in silicon}, 
year={1993}, 
pages={526-531}, 
keywords={CCD image sensors;digital simulation;electronic engineering computing;elemental semiconductors;energy loss of particles;proton effects;silicon;200 keV;CCD pixels;NIEL events;NIEL-deposition spectra;Si;active regions;computer simulations;deposition;design constraint;hyperspectral imaging;individual spallation reactions;low fluence;low-noise imaging;measured noise spectra shape;multiple proton-induced;non ionizing energy loss;nuclear fragment isotopes;pixel dark current;pixel noise;satellite communications;silicon;single proton-induced;spallation reactions;Charge coupled devices;Computer simulation;Dark current;Energy loss;Hyperspectral imaging;Isotopes;Noise shaping;Pixel;Shape measurement;Silicon}, 
doi={10.1109/RADECS.1993.316523}, 
month={Sep},}

@ARTICLE{4395093, 
author={M. A. Xapsos and C. Stauffer and T. Jordan and J. L. Barth and R. A. Mewaldt}, 
journal={IEEE Transactions on Nuclear Science}, 
title={Model for Cumulative Solar Heavy Ion Energy and Linear Energy Transfer Spectra}, 
year={2007}, 
volume={54}, 
number={6}, 
pages={1985-1989}, 
keywords={aerospace instrumentation;ion beam effects;solar cosmic ray particles;space vehicles;cumulative solar heavy ion energy;linear energy transfer spectra;long-term solar heavy ion fluxes;probabilistic model;space missions;spacecraft design;Energy exchange;Integrated circuit modeling;NASA;Phased arrays;Predictive models;Probability distribution;Protons;Psychology;Space technology;Space vehicles;Cumulative fluence;solar heavy ion;solar particle event}, 
doi={10.1109/TNS.2007.910850}, 
ISSN={0018-9499}, 
month={Dec},}

@article{o1978luin,
  title={LUIN: A Code for the Calculation of Cosmic Ray Propagation in the Atmosphere, Report N EML-338},
  author={O’Brien, K},
  journal={Rapport technique, United States Department of Energy},
  pages={14},
  year={1978}
}

@article{o1971natural,
  title={The Natural Radiation Environment, Report N 720805-P1},
  author={O’Brien, K},
  journal={Rapport technique, United States Department of Energy},
  pages={14},
  year={1971}
}

@misc{standard2001measurement,
  title={Measurement and Reporting of Alpha Particle and Terrestrial Cosmic Ray-Induced Soft Errors in Semiconductor Devices},
  author={standard JESD89A, JEDEC},
  year={2001},
  publisher={Aug}
}

@article{taber1993single,
  title={Single event upset in avionics},
  author={Taber, A and Normand, E},
  journal={IEEE Transactions on Nuclear Science},
  volume={40},
  number={2},
  pages={120--126},
  year={1993}
}

@techreport{taber1995,
  title={Investigation and Characterization of SEU Effects and Hardening Strategies in Avionics.},
  author={Taber, Allen H and Normand, Eugene},
  year={1995},
  institution={DTIC Document}
}

@Misc{NASA4,
  title= {South Atlantic Anomaly},
   author={Anunciadora de Sion,},
  note={\url{http://despierta-tu-que-duermes.blogspot.fr/2014/10/experimentos-precursores-del-haarp-1.html}
}
@Misc{MICRO,
  title= {Microblaze},
   author={xilinx},
  note={\url{http://www.xilinx.com/support/documentationE/sw_manuals/xilinx2016_1/ug984-vivado-microblaze-ref.pdf}
}

@Misc{UART,
  title= {AXI UART 16550},
   author={Xilinx},
  note={\url{http://www.xilinx.com/support/documentation/ip_documentation/axi_uart16550/v2_0/pg143-axi-uart16550.pdf}
}


@Misc{AXI-Lite,
  title= {AXI-Lite},
   author={Xilinx}},
  note={\url{http://www.xilinx.com/support/documentation/ip_documentation/axi_lite_ipif/v2_0/pg155-axi-lite-ipif.pdf}
}

@Misc{timer,
  title= {AXI Timer v2.0},
   author={Xilinx}},
  note={\urlhttp://www.xilinx.com/support/documentation/ip_documentation/axi_timer/v2_0/pg079-axi-timer.pdf
}
}


@Misc{NASA3,
  title= {Cinturón interior Van Allen },
   author={Copyright: NASA},
  note={\url{https://heasarc.gsfc.nasa.gov/docs/rosat/gallery/misc_saad.html}
}





@Misc{NASA2,
  title= {Maunder },
   author={Robert A. Rohde.},
  note={\url{http://en.wikipedia.org/wiki/File:Sunspot_Numbers.png}
}

@Misc{NASA1,
  title= {One of the largest sunspots in the last nine years, labeled AR1944, was seen in early January 2014, as captured by NASA's Solar },
   author={Copyright: NASA},
  note={\url{https://www.nasa.gov/content/goddard/giant-january-sunspots/#.V9-jFOszqhc}}
}

 

@Misc{NASA,
  title= {Une éruption solaire classée X},
   author={Copyright: NASA},
  note={\url{http://gandi.cieletespace.fr/node/10417}}
}


@Misc{ESA,
  title= {SWOOPS SOLAR WIND SPEED DATA},
   author={Copyright: ESA},
  note={\url{http://sci.esa.int/ulysses/12399-swoops-solar-wind-speed-data/}}
}



@Misc{ESA,
  title= {SWOOPS SOLAR WIND SPEED DATA},
   author={Copyright: ESA},
  note={\url{http://sci.esa.int/ulysses/12399-swoops-solar-wind-speed-data/}}
}


@Misc{rayoss,
  title= {Cosmic ray flux versus particle energy},
   author={Copyright: ESA},
  note={\url{https://en.wikipedia.org/wiki/Cosmic_ray}}
}




@phdthesis{mansour2012methodes,
  title={M{\'e}thodes et outils pour l'analyse t{\^o}t dans le flot de conception de la sensibilit{\'e} aux soft-erreurs des applications et des circuits int{\'e}gr{\'e}s},
  author={Mansour, Wassim},
  year={2012},
  school={Grenoble}
}




@phdthesis{mansour2012methodes,
  title={M{\'e}thodes et outils pour l'analyse t{\^o}t dans le flot de conception de la sensibilit{\'e} aux soft-erreurs des applications et des circuits int{\'e}gr{\'e}s},
  author={Mansour, Wassim},
  year={2012},
  school={Grenoble}
}

@Misc{cinturonVA,
  title={Cinturón de  Van Allen, },
  author={Anunciadora de Sion},
  year={ 2014},
  note={http://despierta-tu-que-duermes.blogspot.fr/2014/10/experimentos-precursores-del-haarp-1.html}}



@phdthesis{la1995latchup,
  title={Latchup d{\'e}clench{\'e} par ion lourd dans des structures CMOS-1 mum: approche exp{\'e}rimentale, simulation 2D et 3D},
  author={La Rochette, H{\'e}l{\`e}ne de},
  year={1995},
  school={Montpellier 2}
}


@article{boudenottenue,
  title={Tenue des circuits aux radiations ionisantes, volume E 3 950},
  author={Boudenot, J},
  journal={Techniques de l’Ing{\'e}nieur}
}

@book{fleischer1975nuclear,
  title={Nuclear tracks in solids: principles and applications},
  author={Fleischer, Robert Louis and Price, Paul Buford and Walker, Robert M},
  year={1975},
  publisher={Univ of California Press}
}

@article{bourrieau1991environnement,
  title={L’environnement spatial (flux, dose, blindage, effets des ions lourds)},
  author={Bourrieau, J},
  journal={Tutorial short course, RADECS},
  volume={91},
  year={1991}
}

@article{tang2004semm,
  title={SEMM-2: a modeling system for single event upset analysis},
  author={Tang, Henry HK and Cannon, Ethan H},
  journal={IEEE transactions on nuclear science},
  volume={51},
  number={6},
  pages={3342--3348},
  year={2004},
  publisher={IEEE}
}

@article{stapor1988,
  title={Charge collection in silicon for ions of different energy but same linear energy transfer (LET)},
  author={Stapor, WJ and McDonald, PT and Knudson, AR and Campbell, AB and Glagola, BG},
  journal={IEEE Transactions on Nuclear Science},
  volume={35},
  number={6},
  pages={1585--1590},
  year={1988},
  publisher={IEEE}
}


@article{boudenot1995,
  title={L'environnement spatial},
  author={Boudenot, Jean-Claude},
  journal={Que sais-je?},
  year={1995},
  publisher={Presses universitaires de France}
}
@article{ziegler1996,
  title={IBM experiments in soft fails in computer electronics (1978--1994)},
  author={Ziegler, James F and Curtis, Huntington W and Muhlfeld, Hans P and Montrose, Charles J and Chin, B},
  journal={IBM journal of research and development},
  volume={40},
  number={1},
  pages={3--18},
  year={1996},
  publisher={IBM Corp.}


@ARTICLE{4328188, 
author={D. Binder and E. C. Smith and A. B. Holman}, 
journal={IEEE Transactions on Nuclear Science}, 
title={Satellite Anomalies from Galactic Cosmic Rays}, 
year={1975}, 
volume={22}, 
number={6}, 
pages={2675-2680}, 
keywords={Artificial satellites;Capacitance;Cosmic rays;Digital circuits;Electron beams;Flip-flops;Ionization;Plasma temperature;Scanning electron microscopy;Voltage}, 
doi={10.1109/TNS.1975.4328188}, 
ISSN={0018-9499}, 
month={Dec},}

@book{eddy2009,
  title={The Sun, The Earth, and Near-Earth Space: A Guide to the Sun-Earth System},
  author={Eddy, John A},
  year={2009},
  publisher={Government Printing Office}
}

@Misc{RIS,
  title= {{RIS} from {TIMA}},
  note={\url{http://tima.imag.fr/tima/fr/RIS/RISoverview.html}}
}

@Misc{SLS,
  title= {{SLS} from {TIMA}},
  note={\url{http://tima.imag.fr/tima/fr/SLS/SLSoverview.html}}
}

@Misc{RMS,
  title= {{RMS} from {TIMA}},
  note={\url{http://tima.imag.fr/tima/fr/RMS/RMSoverview.html}}
}

@Misc{CDSI,
  title= {{CDSI} from {TIMA}},
  note={\url{Design of Integrated devices, Circuits and Systems}}
}

@Misc{AMfoRS,
  title= {{AMfoRS} from {TIMA}},
  note={\url{http://tima.imag.fr/tima/fr/AMfoRS/AMfoRSoverview.html}}
}


@INPROCEEDINGS{Shokrolah2008, 
author={M. Shokrolah-Shirazi and S. G. Miremadi}, 
booktitle={Secure System Integration and Reliability Improvement, 2008. SSIRI '08. Second International Conference on}, 
title={FPGA-Based Fault Injection into Synthesizable Verilog HDL Models}, 
year={2008}, 
pages={143-149}, 
keywords={fault simulation;fault tolerance;field programmable gate arrays;hardware description languages;FPGA-based fault injection tool;OpenRISC 1200 microprocessor;simulation-based fault injection;synthesizable Verilog HDL model;Circuit faults;Circuit simulation;Circuit synthesis;Control system synthesis;Controllability;Digital systems;Field programmable gate arrays;Hardware design languages;Microprocessors;Observability}, 
doi={10.1109/SSIRI.2008.47}, 
month={July},}

@INPROCEEDINGS{Rahbaran2004, 
author={B. Rahbaran and A. Steininger and T. Handl}, 
booktitle={Electronic Design, Test and Applications, Proceedings. DELTA 2004. Second IEEE International Workshop on}, 
title={Built-in fault injection in hardware - the FIDYCO example}, 
year={2004}, 
pages={327-332}, 
keywords={built-in self test;fault tolerance;field programmable gate arrays;integrated circuit testing;FIDYCO;built-in fault injection;complex FPGAs;diagnostic resolution;fault injection tool;fault injector;fault tolerance validation;field programmable gate arrays;hardware platform;integrated circuit testing;Availability;Computational modeling;Controllability;Fault tolerance;Fault tolerant systems;Field programmable gate arrays;Hardware;Observability;Real time systems;Testing}, 
doi={10.1109/DELTA.2004.10070}, 
month={Jan},}


@INPROCEEDINGS{Sieh1997, 
author={V. Sieh and O. Tschache and F. Balbach}, 
booktitle={Fault-Tolerant Computing, 1997. FTCS-27. Digest of Papers., Twenty-Seventh Annual International Symposium on}, 
title={VERIFY: evaluation of reliability using VHDL-models with embedded fault descriptions}, 
year={1997}, 
pages={32-36}, 
keywords={digital simulation;fault tolerant computing;hardware description languages;microprocessor chips;safety-critical software;software tools;32-bit processor;DP32;VERIFY;VHDL-models;digital systems;embedded fault descriptions;functionality;hardware components;reliability evaluation;simulation based fault injector;software tool;Computational modeling;Computer science;Computer simulation;Controllability;Digital systems;Hardware;Observability;Pins;Software tools;System testing}, 
doi={10.1109/FTCS.1997.614074}, 
ISSN={0731-3071}, 
month={June},}


@INPROCEEDINGS{Folkesson1998, 
author={P. Folkesson and S. Svensson and J. Karlsson}, 
booktitle={Fault-Tolerant Computing, 1998. Digest of Papers. Twenty-Eighth Annual International Symposium on}, 
title={A comparison of simulation based and scan chain implemented fault injection}, 
year={1998}, 
pages={284-293}, 
keywords={built-in self test;digital simulation;fault tolerant computing;hardware description languages;logic CAD;logic testing;microprocessor chips;reduced instruction set computing;MEFISTO-C tool;SCIFI;Saab Ericsson Space AB;Thor RISC microprocessor;VHDL;built in test logic;control flow checking;error detection;scan chain implemented fault injection;simulation based fault injection;software simulation;stack range checking;test access port;variable constraint checking;Clocks;Computational modeling;Delay effects;Energy consumption;Error correction;Laboratories;Microprocessors;Pipelines;Processor scheduling;Reduced instruction set computing}, 
doi={10.1109/FTCS.1998.689479}, 
ISSN={0731-3071}, 
month={June},}


@ARTICLE{Lesea2005, 
author={A. Lesea and S. Drimer and J. J. Fabula and C. Carmichael and P. Alfke}, 
journal={IEEE Transactions on Device and Materials Reliability}, 
title={The rosetta experiment: atmospheric soft error rate testing in differing technology FPGAs}, 
year={2005}, 
volume={5}, 
number={3}, 
pages={317-328}, 
keywords={CMOS integrated circuits;circuit simulation;field programmable gate arrays;integrated circuit testing;logic testing;neutron effects;proton effects;0.13 micron;0.15 micron;90 nm;CMOS;FPGA;Los Alamos Neutron Science Center;Rosetta experiment;SRAM;atmospheric soft error rate testing;circuit simulation;cosmic rays;cyclotron proton beam;field programmable gate arrays;neutron beam;radiation induced single event upsets;CMOS technology;Circuit simulation;Circuit testing;Cyclotrons;Error analysis;Field programmable gate arrays;Laboratories;Neutrons;Particle beams;Single event transient;Cosmic rays;FPGA;NSEU;SRAM;single-event upset;soft error}, 
doi={10.1109/TDMR.2005.854207}, 
ISSN={1530-4388}, 
month={Sept},}


@ARTICLE{Taber1993, 
author={A. Taber and E. Normand}, 
journal={IEEE Transactions on Nuclear Science}, 
title={Single event upset in avionics}, 
year={1993}, 
volume={40}, 
number={2}, 
pages={120-126}, 
keywords={SRAM chips;aircraft instrumentation;error correction;error detection;military equipment;neutron effects;256×103 Bytes;64×103 Bytes;SRAMs;aircraft altitudes;avionics;error detection and correction circuitry;single event upset;static random access memories;Aerospace electronics;Atmosphere;Circuit testing;Error correction;Laboratories;Military aircraft;Neutrons;SRAM chips;Semiconductor memory;Single event upset}, 
doi={10.1109/23.212327}, 
ISSN={0018-9499}, 
month={Apr},}

@INPROCEEDINGS{Baumann2005, 
author={R. Baumann and T. Hossain and S. Murata and H. Kitagawa}, 
booktitle={Reliability Physics Symposium, 1995. 33rd Annual Proceedings., IEEE International}, 
title={Boron compounds as a dominant source of alpha particles in semiconductor devices}, 
year={1995}, 
pages={297-302}, 
keywords={alpha-particle effects;borosilicate glasses;passivation;phosphosilicate glasses;semiconductor devices;semiconductor technology;B2O3-P2O5-SiO2;BPSG;alpha particles;borophosphosilicate glass;ionizing radiation;passivation properties;process modification;reflow properties;semiconductor devices;soft errors;Alpha particles;Boron;Fabrication;Impurities;Ionizing radiation;Isotopes;Neutrons;Packaging;Radioactive materials;Semiconductor devices}, 
doi={10.1109/RELPHY.1995.513695}, 
month={April},}

@ARTICLE{Normand1996, 
author={E. Normand}, 
journal={IEEE Transactions on Nuclear Science}, 
title={Single-event effects in avionics}, 
year={1996}, 
volume={43}, 
number={2}, 
pages={461-474}, 
keywords={DRAM chips;SRAM chips;avionics;ion beam effects;microprocessor chips;neutron effects;proton effects;radiation hardening (electronics);aircraft electronics;atmospheric neutron flux;atmospheric neutrons;avionics;avionics designs;fibre optic systems;heavy ions;in-flight rates;microelectronic devices;microprocessors;protons;random access memories;single-event upset;Aerospace electronics;Atmosphere;Atmospheric measurements;Ionizing radiation;Laboratories;Microelectronics;Military computing;Neutrons;Random access memory;Single event upset}, 
doi={10.1109/23.490893}, 
ISSN={0018-9499}, 
month={Apr},}

@INPROCEEDINGS{DiUbaldo2000, 
author={J. A. DiUbaldo}, 
booktitle={Aerospace Conference Proceedings, 2000 IEEE}, 
title={NASA Earth Observing System Mission Operations Center development using COTS products}, 
year={2000}, 
volume={2}, 
pages={243-247 vol.2}, 
keywords={aerospace computing;aerospace instrumentation;geophysical techniques;geophysics computing;ground support systems;real-time systems;software development management;COTS product;EMOS project;Earth observation;NASA;cost;ground command and control system;ground interfaces;mission life cycle;product life cycles;real time software;space-to-ground communications;standard;Acceleration;Command and control systems;Communication standards;Contracts;Costs;Earth Observing System;NASA;Space vehicles;Standards development;Testing}, 
doi={10.1109/AERO.2000.878230}, 
ISSN={1095-323X}, 
month={},}


@INPROCEEDINGS{Chau2000, 
author={S. N. Chau and L. Alkalai and A. T. Tai}, 
booktitle={Application-Specific Systems and Software Engineering Technology, 2000. Proceedings. 3rd IEEE Symposium on}, 
title={Analysis of a multi-layer fault-tolerant COTS architecture for deep space missions}, 
year={2000}, 
pages={70-76}, 
keywords={IEEE standards;aerospace computing;safety-critical software;software fault tolerance;COTS based mission-critical systems;COTS based system;COTS bus interface standards;COTS suppliers;COTS technology;COTS-based avionics system;I2C;IEEE 1394;bus architecture;commercial-off-the-shelf system;containment region;custom designed system;custom logic;deep space missions;fault containment regions;fault-tolerant systems;multi-layer fault protection methodology;multi-layer fault-tolerant COTS architecture;rigorous fault tolerance;Aerospace electronics;Costs;Design methodology;Fault tolerance;Fault tolerant systems;Laboratories;Logic;Mission critical systems;Propulsion;Protection}, 
doi={10.1109/ASSET.2000.888035}, 
month={},}


@ARTICLE{Guenzer1979, 
author={C. S. Guenzer and E. A. Wolicki and R. G. Allas}, 
journal={IEEE Transactions on Nuclear Science}, 
title={Single Event Upset of Dynamic Rams by Neutrons and Protons}, 
year={1979}, 
volume={26}, 
number={6}, 
pages={5048-5052}, 
keywords={Alpha particles;Capacitors;Charge carriers;DRAM chips;Ionization;Neutrons;Protons;Random access memory;Single event upset;Switches}, 
doi={10.1109/TNS.1979.4330270}, 
ISSN={0018-9499}, 
month={Dec},}

@article{Alaghi2013,
 author = {Alaghi, Armin and Hayes, John P.},
 title = {Survey of Stochastic Computing},
 journal = {ACM Trans. Embed. Comput. Syst.},
 issue_date = {May 2013},
 volume = {12},
 number = {2s},
 month = may,
 year = {2013},
 issn = {1539-9087},
 pages = {92:1--92:19},
 articleno = {92},
 numpages = {19},
 url = {http://doi.acm.org/10.1145/2465787.2465794},
 doi = {10.1145/2465787.2465794},
 acmid = {2465794},
 publisher = {ACM},
 address = {New York, NY, USA},
 keywords = {Probabilistic computation, stochastic computing, stochastic logic},
} 

@Misc{modelsim,
  title= {{ModelSim} from {Mentor Graphics}},
  note={\url{https://www.mentor.com/products/fv/modelsim/}}
}

@inproceedings{Duarte2015,
  title={Synthesis of Bayesian Machines On FPGAs Using Stochastic Arithmetic},
  author={Duarte, Rui Policarpo and Lobo, Jorge and Ferreira, Joao Filipe and Dias, Jorge},
  booktitle={2nd International Workshop on Neuromorphic and Brain-Based Computing Systems (NeuComp 2015), Design Automation Test Europe (DATE2015)},
  year={2015}
}

@book{uBlaze,
author={Vaibhav Kale},
title = {Using the MicroBlaze Processor to Accelerate Cost-Sensitive Embedded System Development},
year = {2016},
isbn = {1402056451},
month={June},
publisher = {Xilinx, Inc.},
} 

@book{AXI,
 title = {AXI Reference Guide v13.4},
 year = {2012},
 isbn = {1402056451},
 publisher = {Xilinx, Inc.},
} 

@INPROCEEDINGS{Guzman2008, 
author={H. Guzman-Miranda and J. N. Tombs and M. A. Aguirre}, 
booktitle={2008 IEEE International Symposium on Industrial Electronics}, 
title={FT-UNSHADES-uP: A platform for the analysis and optimal hardening of embedded systems in radiation environments}, 
year={2008}, 
pages={2276-2281}, 
keywords={application specific integrated circuits;embedded systems;fault tolerance;field programmable gate arrays;integrated circuit design;integrated circuit testing;logic design;logic testing;microprocessor chips;radiation hardening (electronics);ASIC design;FPGA design;MicroBlaze uP system;dependable system design;embedded RAM;embedded system;hierarchical analysis;internal register;optimal hardening;radiation environment;runtime fault injection;Circuit faults;Circuit simulation;Embedded system;Field programmable gate arrays;Hardware;Integrated circuit technology;Radiation hardening;Registers;Runtime;Single event upset}, 
doi={10.1109/ISIE.2008.4677166}, 
ISSN={2163-5137}, 
month={June},}

@INPROCEEDINGS{Jeitler2009, 
author={M. Jeitler and M. Delvai and S. Reichor}, 
booktitle={Programmable Logic, 2009. SPL. 5th Southern Conference on}, 
title={FuSE - a hardware accelerated HDL fault injection tool}, 
year={2009}, 
pages={89-94}, 
keywords={fault tolerance;field programmable gate arrays;hardware description languages;logic design;FPGA-based hardware accelerator;FuSE;VHDL;digital circuit;fault tolerance validation;hardware accelerated HDL fault injection tool;Acceleration;Automatic testing;Circuit faults;Circuit testing;Digital circuits;Emulation;Fault tolerance;Fault tolerant systems;Fuses;Hardware design languages}, 
doi={10.1109/SPL.2009.4914906}, 
month={April},}

@ARTICLE{Alderighi2010, 
author={M. Alderighi and F. Casini and S. D'Angelo and M. Mancini and D. M. Codinachs and S. Pastore and C. Poivey and G. R. Sechi and G. Sorrenti and R. Weigand}, 
journal={IEEE Transactions on Nuclear Science}, 
title={Experimental Validation of Fault Injection Analyses by the FLIPPER Tool}, 
year={2010}, 
volume={57}, 
number={4}, 
pages={2129-2134}, 
keywords={circuit analysis computing;failure analysis;fault diagnosis;European Space Agency;FLIPPER tool;accelerated proton testing;experimental validation;failure probabilities;fault injection analysis;Benchmark testing;Circuit faults;Circuit simulation;Circuit testing;Field programmable gate arrays;Performance analysis;Performance evaluation;Protons;Radiation effects;Robustness;Single event upset;Testing;Fault injection;field programmable gate arrays (FPGA);radiation ground testing;single event effects}, 
doi={10.1109/TNS.2010.2043855}, 
ISSN={0018-9499}, 
month={Aug},}

@INPROCEEDINGS{Rahbaran2004, 
author={B. Rahbaran and A. Steininger and T. Handl}, 
booktitle={Electronic Design, Test and Applications, Proceedings. DELTA 2004. Second IEEE International Workshop on}, 
title={Built-in fault injection in hardware - the FIDYCO example}, 
year={2004}, 
pages={327-332}, 
keywords={built-in self test;fault tolerance;field programmable gate arrays;integrated circuit testing;FIDYCO;built-in fault injection;complex FPGAs;diagnostic resolution;fault injection tool;fault injector;fault tolerance validation;field programmable gate arrays;hardware platform;integrated circuit testing;Availability;Computational modeling;Controllability;Fault tolerance;Fault tolerant systems;Field programmable gate arrays;Hardware;Observability;Real time systems;Testing}, 
doi={10.1109/DELTA.2004.10070}, 
month={Jan},}

@INPROCEEDINGS{Shokrolah2008, 
author={M. Shokrolah-Shirazi and S. G. Miremadi}, 
booktitle={Secure System Integration and Reliability Improvement, 2008. SSIRI '08. Second International Conference on}, 
title={FPGA-Based Fault Injection into Synthesizable Verilog HDL Models}, 
year={2008}, 
pages={143-149}, 
keywords={fault simulation;fault tolerance;field programmable gate arrays;hardware description languages;FPGA-based fault injection tool;OpenRISC 1200 microprocessor;simulation-based fault injection;synthesizable Verilog HDL model;Circuit faults;Circuit simulation;Circuit synthesis;Control system synthesis;Controllability;Digital systems;Field programmable gate arrays;Hardware design languages;Microprocessors;Observability}, 
doi={10.1109/SSIRI.2008.47}, 
month={July},}

@INPROCEEDINGS{Mazer2015, 
author={M. Faix and E. Mazer and R. Laurent and M. Othman Abdallah and R. Le Hy and J. Lobo}, 
booktitle={Cognitive Informatics Cognitive Computing (ICCI*CC), 2015 IEEE 14th International Conference on}, 
title={Cognitive computation: A Bayesian machine case study}, 
year={2015}, 
pages={67-75}, 
keywords={Bayes methods;belief networks;cognitive systems;learning (artificial intelligence);BAMBI project;Bayesian filter;Bayesian machine;Bayesian program;artificial systems;circuit description;cognitive computation;electronic circuit computing;natural cognition;non Von Neumann machines;probabilistic inference;probabilistic programming;pseudo noise sequence acquisition;reconfigurable logic;stochastic arithmetic;stochastic bitstreams;Bayes methods;Clocks;Computational modeling;Logic gates;Reconfigurable logic;Welding}, 
doi={10.1109/ICCI-CC.2015.7259367}, 
month={July},}

@inproceedings{Alaminos2012,
  title={Nessy: Animplementation of a low-cost fault-injection platform on a virtex-5 fpga},
  author={V. Alaminos and F. Serrano and J. Clemente and H. Mecha},
  booktitle={Conference on Radiation and its Effects on Components and Systems (RADECS)}, 
  month={Sept},
  year = "2012",
}

@ARTICLE{Serrano2015, 
author={F. Serrano and J. A. Clemente and H. Mecha}, 
journal={IEEE Transactions on Nuclear Science}, 
title={A Methodology to Emulate Single Event Upsets in Flip-Flops Using FPGAs through Partial Reconfiguration and Instrumentation}, 
year={2015}, 
volume={62}, 
number={4}, 
pages={1617-1624}, 
keywords={field programmable gate arrays;filters;flip-flops;logic testing;radiation hardening (electronics);FFE filter;NESSY;SEU;Virtex-5 FPGA;circuit under test;fault injection;feed-forward equalization filter;field programmable gate array;flip-flops;nonintrusive errors injection system;partial instrumentation;partial reconfiguration;single event upsets;Circuit faults;Emulation;Field programmable gate arrays;Flip-flops;Hardware;Instruments;Single event upsets;FPGA;Fault injection;flip-flops;reliability;single event upset (SEU)}, 
doi={10.1109/TNS.2015.2447391}, 
ISSN={0018-9499}, 
}

@ARTICLE{Lopez2007, 
author={C. Lopez-Ongil and M. Garcia-Valderas and M. Portela-Garcia and L. Entrena}, 
journal={IEEE Transactions on Nuclear Science}, 
title={Autonomous Fault Emulation: A New FPGA-Based Acceleration System for Hardness Evaluation}, 
year={2007}, 
volume={54}, 
number={1}, 
pages={252-261}, 
keywords={VLSI;fault tolerance;field programmable gate arrays;radiation effects;FPGA-based acceleration system;SEU sensitivity evaluation;aerospace circuits;autonomous fault emulation;earth surface;fault injection;fault tolerance;hardness;harsh environments;integrated circuit sensitivity;modern VLSI circuits;nanometer technologies;proposed autonomous emulation approach;reliability testing;Acceleration;Application specific integrated circuits;Circuit faults;Earth;Emulation;Fault tolerance;Field programmable gate arrays;Integrated circuit technology;Radiation hardening;Very large scale integration;FPGA;Fault emulation;SEU;fault injection;fault tolerance;reliability testing}, 
doi={10.1109/TNS.2006.889115}, 
ISSN={0018-9499}, 
month={Feb},}

@inproceedings{Velazco2001,
  title={THESIC: Una plataforma flexible para la validation funcional de circuitos integrados},
  author={Velazco, R and Rezgui, S and Reguer, E},
  booktitle={VII Workshop IBERCHIP}, 
  volume = "21",
  year = "2001",
}

@article{Ebrahimi2014,
title = "A fast, flexible, and easy-to-develop FPGA-based fault injection technique ",
journal = "Microelectronics Reliability ",
volume = "54",
number = "5",
pages = "1000 - 1008",
year = "2014",
note = "",
issn = "0026-2714",
doi = "http://dx.doi.org/10.1016/j.microrel.2014.01.002",
url = "http://www.sciencedirect.com/science/article/pii/S0026271414000067",
author = "Mojtaba Ebrahimi and Abbas Mohammadi and Alireza Ejlali and Seyed Ghassem Miremadi",
abstract = "Abstract By technology down scaling in nowadays digital circuits, their sensitivity to radiation effects increases, making the occurrence of soft errors more probable. As a consequence, soft error rate estimation of complex circuits such as processors is becoming an important issue in safety- and mission-critical applications. Fault injection is a well-known and widely used approach for soft error rate estimation. Development of previous FPGA-based fault injection techniques is very time consuming mainly because they do not adequately exploit supplementary \{FPGA\} tools. This paper proposes an easy-to-develop and flexible FPGA-based fault injection technique. This technique utilizes debugging facilities of Altera \{FPGAs\} in order to inject single event upset (SEU) and multiple bit upset (MBU) fault models in both flip-flops and memory units. As this technique uses \{FPGA\} built-in facilities, it imposes negligible performance and area overheads on the system. The experimental results show that the proposed technique is on average four orders of magnitude faster than a pure simulation-based fault injection. These features make the proposed technique applicable to industrial-scale circuits. "
}


@INPROCEEDINGS{Berrojo2002, 
author={L. Berrojo and F. Corno and L. Entrena and I. Gonzalez and C. Lopez and M. Sonza Reorda and G. Squillero}, 
booktitle={VLSI Test Symposium, 2002. (VTS 2002). Proceedings 20th IEEE}, 
title={An industrial environment for high-level fault-tolerant structures insertion and validation}, 
year={2002}, 
pages={229-236}, 
keywords={VLSI;fault tolerance;hardware description languages;high level synthesis;integrated circuit design;safety-critical software;RT level;VLSI circuits;fault tolerance insertion;fault-injection algorithm;fault-tolerant structures;safety;safety-critical device;transient faults;Aerospace electronics;Automotive engineering;Circuit faults;Circuit testing;Design engineering;Fault tolerance;Hardware design languages;Process design;Safety;Very large scale integration}, 
doi={10.1109/VTS.2002.1011143}, 
month={},}

@ARTICLE{Velazco2010, 
author={R. Velazco and G. Foucard and P. Peronnard}, 
journal={IEEE Transactions on Nuclear Science}, 
title={Combining Results of Accelerated Radiation Tests and Fault Injections to Predict the Error Rate of an Application Implemented in SRAM-Based FPGAs}, 
year={2010}, 
volume={57}, 
number={6}, 
pages={3500-3505}, 
keywords={SRAM chips;field programmable gate arrays;SRAM-Based FPGA;accelerated radiation tests;error rate;fault injection campaigns;field-programmable gate arrays;heavy ion tests;static cross-section;Fault tolerance;Field programmable gate arrays;Life estimation;Single event upset;Accelerated testing;fault injection;fault tolerance;field-programmable gate arrays (FPGAs);single-event rates;single-event upsets SEUs);space applications}, 
doi={10.1109/TNS.2010.2087355}, 
ISSN={0018-9499}, 
month={Dec},}

@ARTICLE{Criswell1984, 
author={T. L. Criswell and P. R. Measel and K. L. Wahlin}, 
journal={IEEE Transactions on Nuclear Science}, 
title={Single Event Upset Testing with Relativistic Heavy Ions}, 
year={1984}, 
volume={31}, 
number={6}, 
pages={1559-1561}, 
keywords={Aerospace testing;Cosmic rays;Cyclotrons;Energy measurement;Iron;Laboratories;Lead;Logic devices;Logic testing;Single event upset}, 
doi={10.1109/TNS.1984.4333548}, 
ISSN={0018-9499}, 
month={Dec},}

@ARTICLE{Quinn2007, 
author={H. Quinn and K. Morgan and P. Graham and J. Krone and M. Caffrey and K. Lundgreen}, 
journal={IEEE Transactions on Nuclear Science}, 
title={Domain Crossing Errors: Limitations on Single Device Triple-Modular Redundancy Circuits in Xilinx FPGAs}, 
year={2007}, 
volume={54}, 
number={6}, 
pages={2037-2043}, 
keywords={aerospace instrumentation;field programmable gate arrays;proton effects;Xilinx FPGA;Xilinx Virtex-II devices;accelerated testing;configurable logic block routing network;domain crossing errors;fault injection;fault tolerance;field programmable gate arrays;hardness measurement;multiple-bit upsets;proton radiation effects;radiation hardening;redundant systems;single device triple-modular redundancy circuits;single-FPGA triple-modular redundancy;Circuit faults;Circuit testing;Costs;Field programmable gate arrays;Hardware;Laboratories;Life estimation;Logic programming;Random access memory;Redundancy;Fault tolerance;field programmable gate arrays;hardness measurement;proton radiation effects;radiation hardening;redundant systems}, 
doi={10.1109/TNS.2007.910870}, 
ISSN={0018-9499}, 
month={Dec},}

@ARTICLE{Ibe2010, 
author={E. Ibe and H. Taniguchi and Y. Yahagi and K. i. Shimbo and T. Toba}, 
journal={IEEE Transactions on Electron Devices}, 
title={Impact of Scaling on Neutron-Induced Soft Error in SRAMs From a 250 nm to a 22 nm Design Rule}, 
year={2010}, 
volume={57}, 
number={7}, 
pages={1527-1538}, 
keywords={Monte Carlo methods;SRAM chips;integrated circuit design;CORIMS;CYRIC;LANSCE;Monte-Carlo simulator;SRAM;TSL;design rule;neutron fields;neutron-induced soft error;terrestrial neutron-induced soft-error;Electrical safety;Error correction codes;Identity-based encryption;Life estimation;Neutrons;Predictive models;Protection;Redundancy;Single event upset;Testing;Bit multiplicity;cosmic ray impact simulator (CORIMS);multi-cell upset (MCU);multi-node upset (MNU);scaling;single event upset (SEU);static random access memories (SRAMs)}, 
doi={10.1109/TED.2010.2047907}, 
ISSN={0018-9383}, 
month={July},}

@INPROCEEDINGS{Dixit2011, 
author={A. Dixit and A. Wood}, 
booktitle={Reliability Physics Symposium (IRPS), 2011 IEEE International}, 
title={The impact of new technology on soft error rates}, 
year={2011}, 
pages={5B.4.1-5B.4.7}, 
keywords={integrated circuit reliability;microprocessor chips;radiation hardening (electronics);Oracle;SER;Sun Microsystems;dynamic voltage frequency scaling;energy-efficient transistors;flop error rates;microprocessor design;microprocessor energy reduction;microprocessor reliability;microprocessor soft error rate;microprocessor technology;neutron beam testing;power supply voltage;size 28 nm;voltage 1.2 V to 0.5 V;Attenuation;Microprocessors;Neutrons;Particle beams;Random access memory;Single event upset;Testing;bit error rates;neutron beam testing;single-event upset;soft error}, 
doi={10.1109/IRPS.2011.5784522}, 
ISSN={1541-7026}, 
month={April},}

@INPROCEEDINGS{Mansour2013-2, 
author={W. Mansour and R. Velazco and R. Ayoubi and H. Ziade and W. El Falou}, 
booktitle={2013 25th International Conference on Microelectronics (ICM)}, 
title={A method and an automated tool to perform SET fault-injection on HDL-based designs}, 
year={2013}, 
pages={1-4}, 
keywords={neural nets;radiation hardening (electronics);transients;HDL-based designs;SET fault-injection;artificial neural network benchmark application;automated tool;energetic particles;radiation environment;register transfer level model;transient faults;Circuit faults;Computers;Indexes;Monitoring;Reliability;SDRAM;Table lookup;Fault Injection;Hardware Description Language;SRAM-based FPGA;Single Event Transients;soft-errors}, 
doi={10.1109/ICM.2013.6734986}, 
ISSN={2159-1660}, 
month={Dec},}

@ARTICLE{Mansour2013-1, 
author={W. Mansour and R. Velazco}, 
journal={IEEE Transactions on Nuclear Science}, 
title={An Automated SEU Fault-Injection Method and Tool for HDL-Based Designs}, 
year={2013}, 
volume={60}, 
number={4}, 
pages={2728-2733}, 
keywords={fault diagnosis;hardware description languages;integrated circuit design;integrated circuit testing;microcontrollers;radiation hardening (electronics);8051 microcontroller;HDL-based design;SEU error-rate prediction;automated SEU fault-injection method;integrated circuit;radiation ground testing;soft-error sensitivity;Circuit faults;Field programmable gate arrays;Hardware;Hardware design languages;Integrated circuit modeling;Program processors;Testing;Fault injection;SRAM-based FPGA;hardware description language;single event upsets}, 
doi={10.1109/TNS.2013.2267097}, 
ISSN={0018-9499}, 
month={Aug},}

@book{Velazco2007,
 author = {Velazco, Raoul and Fouillat, Pascal and Reis, Ricardo},
 title = {Radiation Effects on Embedded Systems},
 year = {2007},
 isbn = {1402056451},
 publisher = {Springer-Verlag New York, Inc.},
 address = {Secaucus, NJ, USA},
} 

@ARTICLE{netfi2, 
author={M. Solinas Jr A. Coelhoy J. A. Frairey N. E. Zergainohy P. A. Ferreyraz and R. Velazcoy}, 
journal={IEEE Transactions on Nuclear Science}, 
title={First Results of NETFI-2: A New Tool for Fault Injection on HDL-Based Designs}, 
year={2016},
keywords={Fault Injection, Hardware Description Language,Single Event Upsets, Single Event Transients, FPGAs}}