@article{carmichael2001triple,
	Author = {Carmichael, Carl},
	Journal = {Xilinx Application Note XAPP197},
	Title = {Triple module redundancy design techniques for Virtex FPGAs},
	Volume = {1},
	Year = {2001}
	}

@article{Bariloche,
	Author = {Alexandre Coelho and Miguel Solinas Jr. and Juan A. Fraire and and Pablo A. Ferreyra and Raoul Velazco},
	Journal = {LASCAS},
	Keywords = {Fault Injection, Hardware Description Language, Single Event Upsets, FPGAs.},
	Month = {February},
	Title = {NETFI-2: An Automatic Method for Fault Injection on HDL-Based Designs},
	Year = {2017}
	}

@article{SanLuis,
	Author = {Miguel Solinas Jr. and Juan A. Fraire and Alexandre Coelho and Pablo A. Ferreyra and Raoul Velazco},
	Journal = {UEA Congreso de Micro Electronica Aplicada},
	Keywords = {Terms---Inyeccion de fallos, lenguaje de descripcion de hardware, single event upsets, FPGAs.},
	Month = {October},
	Title = {Primeros Resultados con NETFI-2: Una Nueva Herramienta para la Inyecci{\'o}n de Fallos en Dise{\~n}os Basados en HDL},
	Year = {2016}
	}

@article{Alemania,
	Author = {A. Coelho and M. Solinas Jr. and R. Laurent and E. Mazer and N. Zergainoh and J. Fraire and S. Karaoui and R. Velazco},
	Journal = {RADECS RADiation Effects on Components and System conference},
	Keywords = {Terms---Fault injection, Stochastic computation, Soft- errors, Bayesian machine.},
	Month = {Set},
	Title = {Evidences of Bayesian Machines Robustness Against SEUs and SETs},
	Year = {2016}
	}

@article{Alemania2,
	Author = {A. Coelho and M. Solinas Jr.and R. Laurent and E. Mazer and N. Zergainoh and J. Fraire and S. Karaoui and R. Velazco},
	Journal = {IEEE TNS},
	Keywords = {Fault injection, Soft-errors, Stochastic computing, Bayesian calculations.},
	Month = {Oct},
	Title = {On the Robustness of Stochastic Bayesian Machines},
	Year = {2016}
	}

@article{6555963,
	Author = {W. Mansour and R. Velazco},
	Doi = {10.1109/TNS.2013.2267097},
	Issn = {0018-9499},
	Journal = {IEEE Transactions on Nuclear Science},
	Keywords = {fault diagnosis;hardware description languages;integrated circuit design;integrated circuit testing;microcontrollers;radiation hardening (electronics);8051 microcontroller;HDL-based design;SEU error-rate prediction;automated SEU fault-injection method;integrated circuit;radiation ground testing;soft-error sensitivity;Circuit faults;Field programmable gate arrays;Hardware;Hardware design languages;Integrated circuit modeling;Program processors;Testing;Fault injection;SRAM-based FPGA;hardware description language;single event upsets},
	Month = {Aug},
	Number = {4},
	Pages = {2728-2733},
	Title = {An Automated SEU Fault-Injection Method and Tool for HDL-Based Designs},
	Volume = {60},
	Year = {2013},
	Bdsk-Url-1 = {https://doi.org/10.1109/TNS.2013.2267097}
	}

@inproceedings{4638624,
	Author = {P. Peronnard and R. Velazco and G. Foucard and V. Pouget and G. Berger and F. Charlier and F. Boldrin},
	Booktitle = {2008 IEEE Radiation Effects Data Workshop},
	Doi = {10.1109/REDW.2008.26},
	Issn = {2154-0519},
	Keywords = {integrated circuit testing;ion beam effects;laser beam effects;radiation hardening (electronics);ATLAS laser facility;CYCLONE-HIF heavy ion facility;SEE remote testing capabilities;electronic testbed;heavy ion irradiation;laser testing facility;single-event effects;Circuit testing;Costs;Electronic equipment testing;Hardware design languages;Integrated circuit testing;Ion beams;Laser beams;Logic testing;Performance evaluation;System testing},
	Month = {July},
	Pages = {106-109},
	Title = {Remote SEE Testing Capabilities with Heavy Ions and Laser Beams at CYCLONE-HIF and ATLAS Facilities},
	Year = {2008},
	Bdsk-Url-1 = {https://doi.org/10.1109/REDW.2008.26}
	}

@article{6678236,
	Author = {W. Mansour and R. Velazco and G. Hubert},
	Doi = {10.1109/TNS.2013.2285019},
	Issn = {0018-9499},
	Journal = {IEEE Transactions on Nuclear Science},
	Keywords = {integrated circuit design;microcontrollers;radiation hardening (electronics);8051 microcontroller;HDL-based design;Leon2 processor;MUSCA SEP3;MUSCA SEP3-NETFI approach;NETFI method;NETlist fault injection;SEE static cross-section prediction;design phase;error rate estimation;fault injection;integrated circuits;multiscale single event phenomena predictive platform;netlist level;static SBU cross-sections;Circuit faults;Error analysis;Field programmable gate arrays;Hardware design languages;Integrated circuit modeling;Single event upsets;Cross-sections;SRAM-based FPGA;fault injection;hardware description language;single event upsets},
	Month = {Dec},
	Number = {6},
	Pages = {4238-4242},
	Title = {Error-Rate Estimation Combining SEE Static Cross-Section Predictions and Fault-Injections Performed on HDL-Based Designs},
	Volume = {60},
	Year = {2013},
	Bdsk-Url-1 = {https://doi.org/10.1109/TNS.2013.2285019}
	}

@article{960357,
	Author = {S. Rezgui and R. Velazco and R. Ecoffet and S. Rodriguez and J. R. Mingo},
	Doi = {10.1109/23.960357},
	Issn = {0018-9499},
	Journal = {IEEE Transactions on Nuclear Science},
	Keywords = {aerospace computing;aerospace testing;computer architecture;computer testing;microcomputers;digital architectures;error rate estimation;fault injection;microprocessor;processor-based architectures;radiation testing;satellite project;space application;Circuit faults;Circuit testing;Error analysis;Helium;Instruments;Laboratories;Microprocessors;Satellites;Single event upset;Space vehicles},
	Month = {Oct},
	Number = {5},
	Pages = {1680-1687},
	Title = {Estimating error rates in processor-based architectures},
	Volume = {48},
	Year = {2001},
	Bdsk-Url-1 = {https://doi.org/10.1109/23.960357}
	}

@article{1589184,
	Author = {F. Faure and R. Velazco and P. Peronnard},
	Doi = {10.1109/TNS.2005.860689},
	Issn = {0018-9499},
	Journal = {IEEE Transactions on Nuclear Science},
	Keywords = {field programmable gate arrays;integrated circuit testing;microprocessor chips;radiation hardening (electronics);FPGA based fault injection;microprocessors vulnerability;radiation ground testing;single event upset;Application software;Benchmark testing;Hardware;Helium;Microprocessors;Registers;SPICE;Single event upset;Software measurement;Writing;Fault injection;microprocessor;single event upsets},
	Month = {Dec},
	Number = {6},
	Pages = {2205-2209},
	Title = {Single-event-upset-like fault injection: a comprehensive framework},
	Volume = {52},
	Year = {2005},
	Bdsk-Url-1 = {https://doi.org/10.1109/TNS.2005.860689}
	}

@inproceedings{4567109,
	Author = {V. Pouget and A. Douin and G. Foucard and P. Peronnard and D. Lewis and P. Fouillat and R. Velazco},
	Booktitle = {2008 14th IEEE International On-Line Testing Symposium},
	Doi = {10.1109/IOLTS.2008.39},
	Issn = {1942-9398},
	Keywords = {SRAM chips;dynamic testing;field programmable gate arrays;logic testing;synchronisation;DES crypto-core;SRAM-based FPGA;Xilinx Virtex II;dynamic testing;pulsed laser;synchronization;time-resolved fault injection;Circuit faults;Circuit testing;Cryptography;Electronic equipment testing;Field programmable gate arrays;Laser modes;Optical pulses;Photoconductivity;Timing;Vehicle dynamics;FPGA;dynamic testing;fault injection;pulsed laser},
	Month = {July},
	Pages = {295-301},
	Title = {Dynamic Testing of an SRAM-Based FPGA by Time-Resolved Laser Fault Injection},
	Year = {2008},
	Bdsk-Url-1 = {https://doi.org/10.1109/IOLTS.2008.39}
	}

@inproceedings{4677290,
	Author = {P. Peronnard and R. Ecoffet and M. Pignol and D. Bellin and R. Velazco},
	Booktitle = {2008 IEEE International Symposium on Industrial Electronics},
	Doi = {10.1109/ISIE.2008.4677290},
	Issn = {2163-5137},
	Keywords = {fault simulation;integrated circuit testing;logic design;microprocessor chips;Power PC 7448;SEU error rate;complex microprocessor;fault injection;radiation ground testing;Application software;Circuit faults;Circuit testing;Communication system control;Error analysis;Field programmable gate arrays;Microprocessors;Performance evaluation;Single event upset;Software testing},
	Month = {June},
	Pages = {2288-2292},
	Title = {Predicting the SEU error rate through fault injection for a complex microprocessor},
	Year = {2008},
	Bdsk-Url-1 = {https://doi.org/10.1109/ISIE.2008.4677290}
	}

@inproceedings{faure2002thesic+,
	Author = {Faure, F and Peronnard, P and Velazco, R and Ecoffet, R},
	Booktitle = {Proc. of RADECS},
	Title = {Thesic+: A flexible system for see testing},
	Year = {2002}
	}

@inproceedings{6261258,
	Author = {W. Mansour and R. Velazco},
	Booktitle = {2012 13th Latin American Test Workshop (LATW)},
	Doi = {10.1109/LATW.2012.6261258},
	Issn = {2373-0862},
	Keywords = {CEU;CPU;FPGA;VHDL;fault injection;radiation effects;soft error},
	Month = {April},
	Pages = {1-5},
	Title = {SEU fault-injection in VHDL-based processors: A case study},
	Year = {2012},
	Bdsk-Url-1 = {https://doi.org/10.1109/LATW.2012.6261258}
	}

@article{naviner2011fifa,
	Author = {Naviner, Lirida AB and Naviner, J-F and dos Santos, GG and Marques, E Crespo and Paiva, NM},
	Journal = {Microelectronics Reliability},
	Number = {9},
	Pages = {1459--1463},
	Publisher = {Elsevier},
	Title = {FIFA: A fault-injection--fault-analysis-based tool for reliability assessment at RTL level},
	Volume = {51},
	Year = {2011}
	}

@inproceedings{6131392,
	Author = {J. M. Mogollon and H. Guzm{\'a}n-Miranda and J. N{\'a}poles and J. Barrientos and M. A. Aguirre},
	Booktitle = {Radiation and Its Effects on Components and Systems (RADECS), 2011 12th European Conference on},
	Doi = {10.1109/RADECS.2011.6131392},
	Issn = {0379-6566},
	Keywords = {digital integrated circuits;integrated circuit design;radiation hardening (electronics);FTUNSHADES2;SEE;digital integrated circuits;emulation-based fault injection platform;hardening techniques;harsh radiation environments;modern deep-submicron technologies;semiconductor surface;single event effects;Circuit faults;Clocks;Field programmable gate arrays;Hardware;Registers;Single event upset;Testing;FPGA;Fault Injection;MBU;Microprocessors;SET;SEU;Single Event Effects},
	Month = {Sept},
	Pages = {169-174},
	Title = {FTUNSHADES2: A novel platform for early evaluation of robustness against SEE},
	Year = {2011},
	Bdsk-Url-1 = {https://doi.org/10.1109/RADECS.2011.6131392}
	}

@inproceedings{6176538,
	Author = {A. Mohammadi and M. Ebrahimi and A. Ejlali and S. G. Miremadi},
	Booktitle = {2012 Design, Automation Test in Europe Conference Exhibition (DATE)},
	Doi = {10.1109/DATE.2012.6176538},
	Issn = {1530-1591},
	Keywords = {field programmable gate arrays;flip-flops;Altera FPGA debugging facilities;FPGAs built-in facilities;Leon2 processor;SCFIT;SEU Fault Model;SEU fault model;easy-to-develop FPGA-based fault injection technique;flip-flops;memory units;Circuit faults;Clocks;Debugging;Field programmable gate arrays;Probes;Radiation detectors;Registers},
	Month = {March},
	Pages = {586-589},
	Title = {SCFIT: A FPGA-based fault injection technique for SEU fault model},
	Year = {2012},
	Bdsk-Url-1 = {https://doi.org/10.1109/DATE.2012.6176538}
	}

@inproceedings{4579806,
	Author = {M. Shokrolah-Shirazi and S. G. Miremadi},
	Booktitle = {Secure System Integration and Reliability Improvement, 2008. SSIRI '08. Second International Conference on},
	Doi = {10.1109/SSIRI.2008.47},
	Keywords = {fault simulation;fault tolerance;field programmable gate arrays;hardware description languages;FPGA-based fault injection tool;OpenRISC 1200 microprocessor;simulation-based fault injection;synthesizable Verilog HDL model;Circuit faults;Circuit simulation;Circuit synthesis;Control system synthesis;Controllability;Digital systems;Field programmable gate arrays;Hardware design languages;Microprocessors;Observability},
	Month = {July},
	Pages = {143-149},
	Title = {FPGA-Based Fault Injection into Synthesizable Verilog HDL Models},
	Year = {2008},
	Bdsk-Url-1 = {https://doi.org/10.1109/SSIRI.2008.47}
	}

@inproceedings{1250147,
	Author = {H. R. Zarandi and S. G. Miremadi and A. Ejlali},
	Booktitle = {Defect and Fault Tolerance in VLSI Systems, 2003. Proceedings. 18th IEEE International Symposium on},
	Doi = {10.1109/DFTVS.2003.1250147},
	Issn = {1550-5774},
	Keywords = {circuit reliability;fault simulation;hardware description languages;logic simulation;logic testing;32 bit;ALU;HDL model synthesizability;SINJECT;VHDL;Verilog;arithmetic processor;dependability analysis;fault coverage;fault injection tool;fault propagation;nonsynthesizable fault models;permanent fault injection;synthesizable fault models;transient fault injection;Fault tolerant systems;Hardware design languages;Very large scale integration},
	Month = {Nov},
	Pages = {485-492},
	Title = {Dependability analysis using a fault injection tool based on synthesizability of HDL models},
	Year = {2003},
	Bdsk-Url-1 = {https://doi.org/10.1109/DFTVS.2003.1250147}
	}

@inproceedings{1267675,
	Author = {H. R. Zarandi and S. G. Miremadi and A. Ejlali},
	Booktitle = {Parallel and Distributed Computing, 2003. Proceedings. Second International Symposium on},
	Doi = {10.1109/ISPDC.2003.1267675},
	Keywords = {Circuit faults;Computational modeling;Delay;Design engineering;Digital systems;Error correction;Hardware design languages;Parameter estimation;Semiconductor device modeling;Switches},
	Month = {Oct},
	Pages = {281-287},
	Title = {Fault injection into verilog models for dependability evaluation of digital systems},
	Year = {2003},
	Bdsk-Url-1 = {https://doi.org/10.1109/ISPDC.2003.1267675}
	}

@inproceedings{689467,
	Author = {J. Boue and P. Petillon and Y. Crouzet},
	Booktitle = {Fault-Tolerant Computing, 1998. Digest of Papers. Twenty-Eighth Annual International Symposium on},
	Doi = {10.1109/FTCS.1998.689467},
	Issn = {0731-3071},
	Keywords = {circuit reliability;circuit testing;hardware description languages;MEFISTO-L a VHDL-based fault injection tool;embedded VHDL code analyzer;fault tolerance deficiency faults;fault tolerance mechanisms;synchronization;Application software;Circuit faults;Circuit simulation;Circuits and systems;Delay;Fault tolerance;Fault tolerant systems;Guidelines;Process design;Testing},
	Month = {June},
	Pages = {168-173},
	Title = {MEFISTO-L: a VHDL-based fault injection tool for the experimental assessment of fault tolerance},
	Year = {1998},
	Bdsk-Url-1 = {https://doi.org/10.1109/FTCS.1998.689467}
	}

@article{544533,
	Author = {T. A. Delong and B. W. Johnson and J. A. Profeta},
	Doi = {10.1109/54.544533},
	Issn = {0740-7475},
	Journal = {IEEE Design Test of Computers},
	Keywords = {control system CAD;control system analysis computing;digital simulation;hardware description languages;railways;software fault tolerance;VHDL behavioral level model;embedded control system;fail safe operation;fault injection;fault injection technique;railway industry;simulation;Computational modeling;Fault tolerance;Fault tolerant systems;Hardware;Instruction sets;Logic testing;Microelectronics;Parameter estimation;Process design;Switches},
	Month = {Winter},
	Number = {4},
	Pages = {24-33},
	Title = {A fault injection technique for VHDL behavioral-level models},
	Volume = {13},
	Year = {1996},
	Bdsk-Url-1 = {https://doi.org/10.1109/54.544533}
	}

@inproceedings{315656,
	Author = {E. Jenn and J. Arlat and M. Rimen and J. Ohlsson and J. Karlsson},
	Booktitle = {Fault-Tolerant Computing, 1994. FTCS-24. Digest of Papers., Twenty-Fourth International Symposium on},
	Doi = {10.1109/FTCS.1994.315656},
	Keywords = {computer testing;fault tolerant computing;formal verification;software tools;specification languages;MEFISTO tool;VHDL;fault injection methodology;fault-tolerant systems;simulation language;Analytical models;Computational modeling;Contracts;Costs;Fault tolerant systems;Genetic mutations;Hardware;Laboratories;Predictive models;Process design},
	Month = {June},
	Pages = {66-75},
	Title = {Fault injection into VHDL models: the MEFISTO tool},
	Year = {1994},
	Bdsk-Url-1 = {https://doi.org/10.1109/FTCS.1994.315656}
	}

@inproceedings{614074,
	Author = {V. Sieh and O. Tschache and F. Balbach},
	Booktitle = {Fault-Tolerant Computing, 1997. FTCS-27. Digest of Papers., Twenty-Seventh Annual International Symposium on},
	Doi = {10.1109/FTCS.1997.614074},
	Issn = {0731-3071},
	Keywords = {digital simulation;fault tolerant computing;hardware description languages;microprocessor chips;safety-critical software;software tools;32-bit processor;DP32;VERIFY;VHDL-models;digital systems;embedded fault descriptions;functionality;hardware components;reliability evaluation;simulation based fault injector;software tool;Computational modeling;Computer science;Computer simulation;Controllability;Digital systems;Hardware;Observability;Pins;Software tools;System testing},
	Month = {June},
	Pages = {32-36},
	Title = {VERIFY: evaluation of reliability using VHDL-models with embedded fault descriptions},
	Year = {1997},
	Bdsk-Url-1 = {https://doi.org/10.1109/FTCS.1997.614074}
	}

@article{arlat1990fault,
	Author = {Arlat, Jean and Aguera, Martine and Amat, Louis and Crouzet, Yves and Fabre, J-C and Laprie, J-C and Martins, Eliane and Powell, David},
	Journal = {IEEE Transactions on Software Engineering},
	Number = {2},
	Pages = {166--182},
	Publisher = {IEEE},
	Title = {Fault injection for dependability validation: A methodology and some applications},
	Volume = {16},
	Year = {1990}
	}

@inproceedings{madeira1994rifle,
	Author = {Madeira, Henrique and Rela, M{\'a}rio and Moreira, Francisco and Silva, Jo{\~a}o Gabriel},
	Booktitle = {European Dependable Computing Conference},
	Organization = {Springer},
	Pages = {197--216},
	Title = {RIFLE: A general purpose pin-level fault injector},
	Year = {1994}
	}

@inproceedings{folkesson1998comparison,
	Author = {Folkesson, Peter and Svensson, Sven and Karlsson, Johan},
	Booktitle = {Fault-Tolerant Computing, 1998. Digest of Papers. Twenty-Eighth Annual International Symposium on},
	Organization = {IEEE},
	Pages = {284--293},
	Title = {A comparison of simulation based and scan chain implemented fault injection},
	Year = {1998}
	}

@article{340569,
	Author = {P. Lestrat and C. Terrier and F. Estreme and L. H. Rosier},
	Doi = {10.1109/23.340569},
	Issn = {0018-9499},
	Journal = {IEEE Transactions on Nuclear Science},
	Keywords = {integrated circuit testing;ion beam effects;silicon-on-insulator;0.8 micron;68020 transfer;68T020;CEA-LETI;HSOI4CB;SEL;SEU;SOI bulk compatible process;Si;THOMSON-CSF;heavy ions evaluation;single event latchup;single event upset;CMOS technology;Cache memory;Circuits;Databases;Inverters;Microprocessors;Single event upset;Space technology;Standards development;Testing},
	Month = {Dec},
	Number = {6},
	Pages = {2240-2243},
	Title = {SOI 68T020 heavy ions evaluation},
	Volume = {41},
	Year = {1994},
	Bdsk-Url-1 = {https://doi.org/10.1109/23.340569}
	}

@inproceedings{koga1997single,
	Author = {Koga, R and Penzin, SH and Crawford, KB and Crain, WR},
	Booktitle = {Radiation and Its Effects on Components and Systems, 1997. RADECS 97. Fourth European Conference on},
	Organization = {IEEE},
	Pages = {311--318},
	Title = {Single event functional interrupt (SEFI) sensitivity in microcircuits},
	Year = {1997}
	}

@incollection{grandstrand:2004,
	Author = {ESA Requirements and Standard Division},
	Booktitle = {ECSS-Q-HB-60-02A},
	Chapter = 5,
	Editor = {Noordwijk, The Netherlands},
	Pages = {31-32},
	Title = {z},
	Year = 2011
	}

@misc{CERN1,
	Author = {Copyright: CERN},
	Note = {\url{http://electronicdesign.com/analog/hardening-and-testing-semiconductor-devices-space-radiation-environment}},
	Number = {32},
	Title = {A schematic cross-section drawing of a MOS device shows the interaction of an energetic heavy ion with the device structure. Note the incoming particle track, the funneling region, and the collection of the generated charge by the reverse-biased drain to body junction.}
	}

@article{CERN123,
	Author = {Copyright: CERN},
	Note = {\url{http://www.quantumdiaries.org/2012/02/15/the-hidden-face-of-cern/}},
	Number = {32},
	Title = {Energy deposited by different particles as they penetrate matter such as human tissue.}
	}

@misc{Nandu,
	Author = {Miguel Solinas},
	Note = {\url{https://www.dropbox.com/s/qrbnxj5rmdu3vrm/nandu_v01.rar?dl=0}},
	Title = {Controlador de inyeciones}
	}

@article{duzellier2004space1,
	Author = {Duzellier, S},
	Title = {Space Radiation Environment and its Effects on Spacecraft Components and Systems, chapter Single Event Effects: analysis and testing},
	Year = {2004}
	}

@article{duzellier2004space,
	Author = {Duzellier, S},
	Title = {Space Radiation Environment and its Effects on Spacecraft Components and Systems, chapter Single Event Effects: analysis and testing},
	Year = {2004}
	}

@article{1208572,
	Author = {T. R. Oldham and F. B. McLean},
	Doi = {10.1109/TNS.2003.812927},
	Issn = {0018-9499},
	Journal = {IEEE Transactions on Nuclear Science},
	Month = {June},
	Number = {3},
	Pages = {483-499},
	Title = {Total ionizing dose effects in MOS oxides and devices},
	Volume = {50},
	Year = {2003},
	Bdsk-Url-1 = {https://doi.org/10.1109/TNS.2003.812927}
	}

@inproceedings{316523,
	Author = {L. Chen and P. J. McNulty and W. G. Abdel-Kader and T. L. Miller and D. A. Thompson},
	Booktitle = {Radiation and its Effects on Components and Systems, 1993.,RADECS 93., Second European Conference on},
	Doi = {10.1109/RADECS.1993.316523},
	Keywords = {CCD image sensors;digital simulation;electronic engineering computing;elemental semiconductors;energy loss of particles;proton effects;silicon;200 keV;CCD pixels;NIEL events;NIEL-deposition spectra;Si;active regions;computer simulations;deposition;design constraint;hyperspectral imaging;individual spallation reactions;low fluence;low-noise imaging;measured noise spectra shape;multiple proton-induced;non ionizing energy loss;nuclear fragment isotopes;pixel dark current;pixel noise;satellite communications;silicon;single proton-induced;spallation reactions;Charge coupled devices;Computer simulation;Dark current;Energy loss;Hyperspectral imaging;Isotopes;Noise shaping;Pixel;Shape measurement;Silicon},
	Month = {Sep},
	Pages = {526-531},
	Title = {Single and multiple proton-induced NIEL events in silicon},
	Year = {1993},
	Bdsk-Url-1 = {https://doi.org/10.1109/RADECS.1993.316523}
	}

@article{4395093,
	Author = {M. A. Xapsos and C. Stauffer and T. Jordan and J. L. Barth and R. A. Mewaldt},
	Doi = {10.1109/TNS.2007.910850},
	Issn = {0018-9499},
	Journal = {IEEE Transactions on Nuclear Science},
	Keywords = {aerospace instrumentation;ion beam effects;solar cosmic ray particles;space vehicles;cumulative solar heavy ion energy;linear energy transfer spectra;long-term solar heavy ion fluxes;probabilistic model;space missions;spacecraft design;Energy exchange;Integrated circuit modeling;NASA;Phased arrays;Predictive models;Probability distribution;Protons;Psychology;Space technology;Space vehicles;Cumulative fluence;solar heavy ion;solar particle event},
	Month = {Dec},
	Number = {6},
	Pages = {1985-1989},
	Title = {Model for Cumulative Solar Heavy Ion Energy and Linear Energy Transfer Spectra},
	Volume = {54},
	Year = {2007},
	Bdsk-Url-1 = {https://doi.org/10.1109/TNS.2007.910850}
	}

@article{o1978luin,
	Author = {O'Brien, K},
	Journal = {Rapport technique, United States Department of Energy},
	Pages = {14},
	Title = {LUIN: A Code for the Calculation of Cosmic Ray Propagation in the Atmosphere, Report N EML-338},
	Year = {1978}
	}

@article{o1971natural,
	Author = {O'Brien, K},
	Journal = {Rapport technique, United States Department of Energy},
	Pages = {14},
	Title = {The Natural Radiation Environment, Report N 720805-P1},
	Year = {1971}
	}

@misc{standard2001measurement,
	Author = {standard JESD89A, JEDEC},
	Publisher = {Aug},
	Title = {Measurement and Reporting of Alpha Particle and Terrestrial Cosmic Ray-Induced Soft Errors in Semiconductor Devices},
	Year = {2001}
	}

@article{taber1993single,
	Author = {Taber, A and Normand, E},
	Journal = {IEEE Transactions on Nuclear Science},
	Number = {2},
	Pages = {120--126},
	Title = {Single event upset in avionics},
	Volume = {40},
	Year = {1993}
	}

@techreport{taber1995,
	Author = {Taber, Allen H and Normand, Eugene},
	Institution = {DTIC Document},
	Title = {Investigation and Characterization of SEU Effects and Hardening Strategies in Avionics.},
	Year = {1995}
	}

@misc{NASA4,
	Author = {Anunciadora de Sion,},
	Note = {\url{http://despierta-tu-que-duermes.blogspot.fr/2014/10/experimentos-precursores-del-haarp-1.html}},
	Title = {South Atlantic Anomaly}
	}

@misc{MICRO,
	Author = {xilinx},
	Note = {\url{http://www.xilinx.com/support/documentationE/sw_manuals/xilinx2016_1/ug984-vivado-microblaze-ref.pdf}},
	Title = {Microblaze}
	}

@misc{UART,
	Author = {Xilinx},
	Note = {\url{http://www.xilinx.com/support/documentation/ip_documentation/axi_uart16550/v2_0/pg143-axi-uart16550.pdf}},
	Title = {AXI UART 16550}
	}

@misc{AXI-Lite,
	Author = {Xilinx},
	Note = {\url{http://www.xilinx.com/support/documentation/ip_documentation/axi_lite_ipif/v2_0/pg155-axi-lite-ipif.pdf}},
	Title = {AXI-Lite}
	}

@misc{timer,
	Author = {Xilinx},
	Title = {AXI Timer v2.0}
	}

@misc{NASA3,
	Author = {Copyright: NASA},
	Note = {\url{https://heasarc.gsfc.nasa.gov/docs/rosat/gallery/misc_saad.html}},
	Title = {Cintur{\'o}n interior Van Allen}
	}

@misc{NASA2,
	Author = {Robert A. Rohde.},
	Note = {\url{http://en.wikipedia.org/wiki/File:Sunspot_Numbers.png}},
	Title = {Maunder}
	}

@misc{NASA1,
	Author = {Copyright: NASA},
	Note = {\url{https://www.nasa.gov/content/goddard/giant-january-sunspots/#.V9-jFOszqhc}},
	Title = {One of the largest sunspots in the last nine years, labeled AR1944, was seen in early January 2014, as captured by NASA's Solar}
	}

@misc{NASA,
	Author = {Copyright: NASA},
	Note = {\url{http://gandi.cieletespace.fr/node/10417}},
	Title = {Une {\'e}ruption solaire class{\'e}e X}
	}

@misc{ESA,
	Author = {Copyright: ESA},
	Note = {\url{http://sci.esa.int/ulysses/12399-swoops-solar-wind-speed-data/}},
	Title = {SWOOPS SOLAR WIND SPEED DATA}
	}

@misc{ESA,
	Author = {Copyright: ESA},
	Note = {\url{http://sci.esa.int/ulysses/12399-swoops-solar-wind-speed-data/}},
	Title = {SWOOPS SOLAR WIND SPEED DATA}
	}

@misc{rayoss,
	Author = {Copyright: ESA},
	Note = {\url{https://en.wikipedia.org/wiki/Cosmic_ray}},
	Title = {Cosmic ray flux versus particle energy}
	}

@phdthesis{mansour2012methodes,
	Author = {Mansour, Wassim},
	School = {Grenoble},
	Title = {M{\'e}thodes et outils pour l'analyse t{\^o}t dans le flot de conception de la sensibilit{\'e} aux soft-erreurs des applications et des circuits int{\'e}gr{\'e}s},
	Year = {2012}
	}

@phdthesis{mansour2012methodes,
	Author = {Mansour, Wassim},
	School = {Grenoble},
	Title = {M{\'e}thodes et outils pour l'analyse t{\^o}t dans le flot de conception de la sensibilit{\'e} aux soft-erreurs des applications et des circuits int{\'e}gr{\'e}s},
	Year = {2012}
	}

@misc{cinturonVA,
	Author = {Anunciadora de Sion},
	Note = {http://despierta-tu-que-duermes.blogspot.fr/2014/10/experimentos-precursores-del-haarp-1.html},
	Title = {Cintur{\'o}n de Van Allen,},
	Year = {2014}
	}

@phdthesis{la1995latchup,
	Author = {La Rochette, H{\'e}l{\`e}ne de},
	School = {Montpellier 2},
	Title = {Latchup d{\'e}clench{\'e} par ion lourd dans des structures CMOS-1 mum: approche exp{\'e}rimentale, simulation 2D et 3D},
	Year = {1995}
	}

@article{boudenottenue,
	Author = {Boudenot, J},
	Journal = {Techniques de l'Ing{\'e}nieur},
	Title = {Tenue des circuits aux radiations ionisantes, volume E 3 950}
	}

@book{fleischer1975nuclear,
	Author = {Fleischer, Robert Louis and Price, Paul Buford and Walker, Robert M},
	Publisher = {Univ of California Press},
	Title = {Nuclear tracks in solids: principles and applications},
	Year = {1975}
	}

@article{bourrieau1991environnement,
	Author = {Bourrieau, J},
	Journal = {Tutorial short course, RADECS},
	Title = {L'environnement spatial (flux, dose, blindage, effets des ions lourds)},
	Volume = {91},
	Year = {1991}
	}

@article{tang2004semm,
	Author = {Tang, Henry HK and Cannon, Ethan H},
	Journal = {IEEE transactions on nuclear science},
	Number = {6},
	Pages = {3342--3348},
	Publisher = {IEEE},
	Title = {SEMM-2: a modeling system for single event upset analysis},
	Volume = {51},
	Year = {2004}
	}

@article{stapor1988,
	Author = {Stapor, WJ and McDonald, PT and Knudson, AR and Campbell, AB and Glagola, BG},
	Journal = {IEEE Transactions on Nuclear Science},
	Number = {6},
	Pages = {1585--1590},
	Publisher = {IEEE},
	Title = {Charge collection in silicon for ions of different energy but same linear energy transfer (LET)},
	Volume = {35},
	Year = {1988}
	}

@article{boudenot1995,
	Author = {Boudenot, Jean-Claude},
	Journal = {Que sais-je?},
	Publisher = {Presses universitaires de France},
	Title = {L'environnement spatial},
	Year = {1995}
	}

@article{ziegler1996,
	Author = {Ziegler, James F and Curtis, Huntington W and Muhlfeld, Hans P and Montrose, Charles J and Chin, B},
	Journal = {IBM journal of research and development},
	Number = {1},
	Pages = {3--18},
	Publisher = {IBM Corp.},
	Title = {IBM experiments in soft fails in computer electronics (1978--1994)},
	Volume = {40},
	Year = {1996}
	}

@article{4328188,
	Author = {D. Binder and E. C. Smith and A. B. Holman},
	Doi = {10.1109/TNS.1975.4328188},
	Issn = {0018-9499},
	Journal = {IEEE Transactions on Nuclear Science},
	Keywords = {Artificial satellites;Capacitance;Cosmic rays;Digital circuits;Electron beams;Flip-flops;Ionization;Plasma temperature;Scanning electron microscopy;Voltage},
	Month = {Dec},
	Number = {6},
	Pages = {2675-2680},
	Title = {Satellite Anomalies from Galactic Cosmic Rays},
	Volume = {22},
	Year = {1975},
	Bdsk-Url-1 = {https://doi.org/10.1109/TNS.1975.4328188}
	}

@book{eddy2009,
	Author = {Eddy, John A},
	Publisher = {Government Printing Office},
	Title = {The Sun, The Earth, and Near-Earth Space: A Guide to the Sun-Earth System},
	Year = {2009}
	}

@misc{RIS,
	Note = {\url{http://tima.imag.fr/tima/fr/RIS/RISoverview.html}},
	Title = {{RIS} from {TIMA}}
	}

@misc{SLS,
	Note = {\url{http://tima.imag.fr/tima/fr/SLS/SLSoverview.html}},
	Title = {{SLS} from {TIMA}}
	}

@misc{RMS,
	Note = {\url{http://tima.imag.fr/tima/fr/RMS/RMSoverview.html}},
	Title = {{RMS} from {TIMA}}
	}

@misc{CDSI,
	Note = {\url{Design of Integrated devices, Circuits and Systems}},
	Title = {{CDSI} from {TIMA}}
	}

@misc{AMfoRS,
	Note = {\url{http://tima.imag.fr/tima/fr/AMfoRS/AMfoRSoverview.html}},
	Title = {{AMfoRS} from {TIMA}}
	}

@inproceedings{Shokrolah2008,
	Author = {M. Shokrolah-Shirazi and S. G. Miremadi},
	Booktitle = {Secure System Integration and Reliability Improvement, 2008. SSIRI '08. Second International Conference on},
	Doi = {10.1109/SSIRI.2008.47},
	Keywords = {fault simulation;fault tolerance;field programmable gate arrays;hardware description languages;FPGA-based fault injection tool;OpenRISC 1200 microprocessor;simulation-based fault injection;synthesizable Verilog HDL model;Circuit faults;Circuit simulation;Circuit synthesis;Control system synthesis;Controllability;Digital systems;Field programmable gate arrays;Hardware design languages;Microprocessors;Observability},
	Month = {July},
	Pages = {143-149},
	Title = {FPGA-Based Fault Injection into Synthesizable Verilog HDL Models},
	Year = {2008},
	Bdsk-Url-1 = {https://doi.org/10.1109/SSIRI.2008.47}
	}

@inproceedings{Rahbaran2004,
	Author = {B. Rahbaran and A. Steininger and T. Handl},
	Booktitle = {Electronic Design, Test and Applications, Proceedings. DELTA 2004. Second IEEE International Workshop on},
	Doi = {10.1109/DELTA.2004.10070},
	Keywords = {built-in self test;fault tolerance;field programmable gate arrays;integrated circuit testing;FIDYCO;built-in fault injection;complex FPGAs;diagnostic resolution;fault injection tool;fault injector;fault tolerance validation;field programmable gate arrays;hardware platform;integrated circuit testing;Availability;Computational modeling;Controllability;Fault tolerance;Fault tolerant systems;Field programmable gate arrays;Hardware;Observability;Real time systems;Testing},
	Month = {Jan},
	Pages = {327-332},
	Title = {Built-in fault injection in hardware - the FIDYCO example},
	Year = {2004},
	Bdsk-Url-1 = {https://doi.org/10.1109/DELTA.2004.10070}
	}

@inproceedings{Sieh1997,
	Author = {V. Sieh and O. Tschache and F. Balbach},
	Booktitle = {Fault-Tolerant Computing, 1997. FTCS-27. Digest of Papers., Twenty-Seventh Annual International Symposium on},
	Doi = {10.1109/FTCS.1997.614074},
	Issn = {0731-3071},
	Keywords = {digital simulation;fault tolerant computing;hardware description languages;microprocessor chips;safety-critical software;software tools;32-bit processor;DP32;VERIFY;VHDL-models;digital systems;embedded fault descriptions;functionality;hardware components;reliability evaluation;simulation based fault injector;software tool;Computational modeling;Computer science;Computer simulation;Controllability;Digital systems;Hardware;Observability;Pins;Software tools;System testing},
	Month = {June},
	Pages = {32-36},
	Title = {VERIFY: evaluation of reliability using VHDL-models with embedded fault descriptions},
	Year = {1997},
	Bdsk-Url-1 = {https://doi.org/10.1109/FTCS.1997.614074}
	}

@inproceedings{Folkesson1998,
	Author = {P. Folkesson and S. Svensson and J. Karlsson},
	Booktitle = {Fault-Tolerant Computing, 1998. Digest of Papers. Twenty-Eighth Annual International Symposium on},
	Doi = {10.1109/FTCS.1998.689479},
	Issn = {0731-3071},
	Keywords = {built-in self test;digital simulation;fault tolerant computing;hardware description languages;logic CAD;logic testing;microprocessor chips;reduced instruction set computing;MEFISTO-C tool;SCIFI;Saab Ericsson Space AB;Thor RISC microprocessor;VHDL;built in test logic;control flow checking;error detection;scan chain implemented fault injection;simulation based fault injection;software simulation;stack range checking;test access port;variable constraint checking;Clocks;Computational modeling;Delay effects;Energy consumption;Error correction;Laboratories;Microprocessors;Pipelines;Processor scheduling;Reduced instruction set computing},
	Month = {June},
	Pages = {284-293},
	Title = {A comparison of simulation based and scan chain implemented fault injection},
	Year = {1998},
	Bdsk-Url-1 = {https://doi.org/10.1109/FTCS.1998.689479}
	}

@article{Lesea2005,
	Author = {A. Lesea and S. Drimer and J. J. Fabula and C. Carmichael and P. Alfke},
	Doi = {10.1109/TDMR.2005.854207},
	Issn = {1530-4388},
	Journal = {IEEE Transactions on Device and Materials Reliability},
	Keywords = {CMOS integrated circuits;circuit simulation;field programmable gate arrays;integrated circuit testing;logic testing;neutron effects;proton effects;0.13 micron;0.15 micron;90 nm;CMOS;FPGA;Los Alamos Neutron Science Center;Rosetta experiment;SRAM;atmospheric soft error rate testing;circuit simulation;cosmic rays;cyclotron proton beam;field programmable gate arrays;neutron beam;radiation induced single event upsets;CMOS technology;Circuit simulation;Circuit testing;Cyclotrons;Error analysis;Field programmable gate arrays;Laboratories;Neutrons;Particle beams;Single event transient;Cosmic rays;FPGA;NSEU;SRAM;single-event upset;soft error},
	Month = {Sept},
	Number = {3},
	Pages = {317-328},
	Title = {The rosetta experiment: atmospheric soft error rate testing in differing technology FPGAs},
	Volume = {5},
	Year = {2005},
	Bdsk-Url-1 = {https://doi.org/10.1109/TDMR.2005.854207}
	}

@article{Taber1993,
	Author = {A. Taber and E. Normand},
	Doi = {10.1109/23.212327},
	Issn = {0018-9499},
	Journal = {IEEE Transactions on Nuclear Science},
	Keywords = {SRAM chips;aircraft instrumentation;error correction;error detection;military equipment;neutron effects;256×103 Bytes;64×103 Bytes;SRAMs;aircraft altitudes;avionics;error detection and correction circuitry;single event upset;static random access memories;Aerospace electronics;Atmosphere;Circuit testing;Error correction;Laboratories;Military aircraft;Neutrons;SRAM chips;Semiconductor memory;Single event upset},
	Month = {Apr},
	Number = {2},
	Pages = {120-126},
	Title = {Single event upset in avionics},
	Volume = {40},
	Year = {1993},
	Bdsk-Url-1 = {https://doi.org/10.1109/23.212327}
	}

@inproceedings{Baumann2005,
	Author = {R. Baumann and T. Hossain and S. Murata and H. Kitagawa},
	Booktitle = {Reliability Physics Symposium, 1995. 33rd Annual Proceedings., IEEE International},
	Doi = {10.1109/RELPHY.1995.513695},
	Keywords = {alpha-particle effects;borosilicate glasses;passivation;phosphosilicate glasses;semiconductor devices;semiconductor technology;B2O3-P2O5-SiO2;BPSG;alpha particles;borophosphosilicate glass;ionizing radiation;passivation properties;process modification;reflow properties;semiconductor devices;soft errors;Alpha particles;Boron;Fabrication;Impurities;Ionizing radiation;Isotopes;Neutrons;Packaging;Radioactive materials;Semiconductor devices},
	Month = {April},
	Pages = {297-302},
	Title = {Boron compounds as a dominant source of alpha particles in semiconductor devices},
	Year = {1995},
	Bdsk-Url-1 = {https://doi.org/10.1109/RELPHY.1995.513695}
	}

@article{Normand1996,
	Author = {E. Normand},
	Doi = {10.1109/23.490893},
	Issn = {0018-9499},
	Journal = {IEEE Transactions on Nuclear Science},
	Keywords = {DRAM chips;SRAM chips;avionics;ion beam effects;microprocessor chips;neutron effects;proton effects;radiation hardening (electronics);aircraft electronics;atmospheric neutron flux;atmospheric neutrons;avionics;avionics designs;fibre optic systems;heavy ions;in-flight rates;microelectronic devices;microprocessors;protons;random access memories;single-event upset;Aerospace electronics;Atmosphere;Atmospheric measurements;Ionizing radiation;Laboratories;Microelectronics;Military computing;Neutrons;Random access memory;Single event upset},
	Month = {Apr},
	Number = {2},
	Pages = {461-474},
	Title = {Single-event effects in avionics},
	Volume = {43},
	Year = {1996},
	Bdsk-Url-1 = {https://doi.org/10.1109/23.490893}
	}

@inproceedings{DiUbaldo2000,
	Author = {J. A. DiUbaldo},
	Booktitle = {Aerospace Conference Proceedings, 2000 IEEE},
	Doi = {10.1109/AERO.2000.878230},
	Issn = {1095-323X},
	Keywords = {aerospace computing;aerospace instrumentation;geophysical techniques;geophysics computing;ground support systems;real-time systems;software development management;COTS product;EMOS project;Earth observation;NASA;cost;ground command and control system;ground interfaces;mission life cycle;product life cycles;real time software;space-to-ground communications;standard;Acceleration;Command and control systems;Communication standards;Contracts;Costs;Earth Observing System;NASA;Space vehicles;Standards development;Testing},
	Pages = {243-247 vol.2},
	Title = {NASA Earth Observing System Mission Operations Center development using COTS products},
	Volume = {2},
	Year = {2000},
	Bdsk-Url-1 = {https://doi.org/10.1109/AERO.2000.878230}
	}

@inproceedings{Chau2000,
	Author = {S. N. Chau and L. Alkalai and A. T. Tai},
	Booktitle = {Application-Specific Systems and Software Engineering Technology, 2000. Proceedings. 3rd IEEE Symposium on},
	Doi = {10.1109/ASSET.2000.888035},
	Keywords = {IEEE standards;aerospace computing;safety-critical software;software fault tolerance;COTS based mission-critical systems;COTS based system;COTS bus interface standards;COTS suppliers;COTS technology;COTS-based avionics system;I2C;IEEE 1394;bus architecture;commercial-off-the-shelf system;containment region;custom designed system;custom logic;deep space missions;fault containment regions;fault-tolerant systems;multi-layer fault protection methodology;multi-layer fault-tolerant COTS architecture;rigorous fault tolerance;Aerospace electronics;Costs;Design methodology;Fault tolerance;Fault tolerant systems;Laboratories;Logic;Mission critical systems;Propulsion;Protection},
	Pages = {70-76},
	Title = {Analysis of a multi-layer fault-tolerant COTS architecture for deep space missions},
	Year = {2000},
	Bdsk-Url-1 = {https://doi.org/10.1109/ASSET.2000.888035}
	}

@article{Guenzer1979,
	Author = {C. S. Guenzer and E. A. Wolicki and R. G. Allas},
	Doi = {10.1109/TNS.1979.4330270},
	Issn = {0018-9499},
	Journal = {IEEE Transactions on Nuclear Science},
	Keywords = {Alpha particles;Capacitors;Charge carriers;DRAM chips;Ionization;Neutrons;Protons;Random access memory;Single event upset;Switches},
	Month = {Dec},
	Number = {6},
	Pages = {5048-5052},
	Title = {Single Event Upset of Dynamic Rams by Neutrons and Protons},
	Volume = {26},
	Year = {1979},
	Bdsk-Url-1 = {https://doi.org/10.1109/TNS.1979.4330270}
	}

@article{Alaghi2013,
	Acmid = {2465794},
	Address = {New York, NY, USA},
	Articleno = {92},
	Author = {Alaghi, Armin and Hayes, John P.},
	Doi = {10.1145/2465787.2465794},
	Issn = {1539-9087},
	Issue_Date = {May 2013},
	Journal = {ACM Trans. Embed. Comput. Syst.},
	Keywords = {Probabilistic computation, stochastic computing, stochastic logic},
	Month = may,
	Number = {2s},
	Numpages = {19},
	Pages = {92:1--92:19},
	Publisher = {ACM},
	Title = {Survey of Stochastic Computing},
	Url = {http://doi.acm.org/10.1145/2465787.2465794},
	Volume = {12},
	Year = {2013},
	Bdsk-Url-1 = {http://doi.acm.org/10.1145/2465787.2465794},
	Bdsk-Url-2 = {https://doi.org/10.1145/2465787.2465794}
	}

@misc{modelsim,
	Note = {\url{https://www.mentor.com/products/fv/modelsim/}},
	Title = {{ModelSim} from {Mentor Graphics}}
	}

@inproceedings{Duarte2015,
	Author = {Duarte, Rui Policarpo and Lobo, Jorge and Ferreira, Joao Filipe and Dias, Jorge},
	Booktitle = {2nd International Workshop on Neuromorphic and Brain-Based Computing Systems (NeuComp 2015), Design Automation Test Europe (DATE2015)},
	Title = {Synthesis of Bayesian Machines On FPGAs Using Stochastic Arithmetic},
	Year = {2015}
	}

@book{uBlaze,
	Author = {Vaibhav Kale},
	Isbn = {1402056451},
	Month = {June},
	Publisher = {Xilinx, Inc.},
	Title = {Using the MicroBlaze Processor to Accelerate Cost-Sensitive Embedded System Development},
	Year = {2016}
	}

@book{AXI,
	Isbn = {1402056451},
	Publisher = {Xilinx, Inc.},
	Title = {AXI Reference Guide v13.4},
	Year = {2012}
	}

@inproceedings{Guzman2008,
	Author = {H. Guzman-Miranda and J. N. Tombs and M. A. Aguirre},
	Booktitle = {2008 IEEE International Symposium on Industrial Electronics},
	Doi = {10.1109/ISIE.2008.4677166},
	Issn = {2163-5137},
	Keywords = {application specific integrated circuits;embedded systems;fault tolerance;field programmable gate arrays;integrated circuit design;integrated circuit testing;logic design;logic testing;microprocessor chips;radiation hardening (electronics);ASIC design;FPGA design;MicroBlaze uP system;dependable system design;embedded RAM;embedded system;hierarchical analysis;internal register;optimal hardening;radiation environment;runtime fault injection;Circuit faults;Circuit simulation;Embedded system;Field programmable gate arrays;Hardware;Integrated circuit technology;Radiation hardening;Registers;Runtime;Single event upset},
	Month = {June},
	Pages = {2276-2281},
	Title = {FT-UNSHADES-uP: A platform for the analysis and optimal hardening of embedded systems in radiation environments},
	Year = {2008},
	Bdsk-Url-1 = {https://doi.org/10.1109/ISIE.2008.4677166}
	}

@inproceedings{Jeitler2009,
	Author = {M. Jeitler and M. Delvai and S. Reichor},
	Booktitle = {Programmable Logic, 2009. SPL. 5th Southern Conference on},
	Doi = {10.1109/SPL.2009.4914906},
	Keywords = {fault tolerance;field programmable gate arrays;hardware description languages;logic design;FPGA-based hardware accelerator;FuSE;VHDL;digital circuit;fault tolerance validation;hardware accelerated HDL fault injection tool;Acceleration;Automatic testing;Circuit faults;Circuit testing;Digital circuits;Emulation;Fault tolerance;Fault tolerant systems;Fuses;Hardware design languages},
	Month = {April},
	Pages = {89-94},
	Title = {FuSE - a hardware accelerated HDL fault injection tool},
	Year = {2009},
	Bdsk-Url-1 = {https://doi.org/10.1109/SPL.2009.4914906}
	}

@article{Alderighi2010,
	Author = {M. Alderighi and F. Casini and S. D'Angelo and M. Mancini and D. M. Codinachs and S. Pastore and C. Poivey and G. R. Sechi and G. Sorrenti and R. Weigand},
	Doi = {10.1109/TNS.2010.2043855},
	Issn = {0018-9499},
	Journal = {IEEE Transactions on Nuclear Science},
	Keywords = {circuit analysis computing;failure analysis;fault diagnosis;European Space Agency;FLIPPER tool;accelerated proton testing;experimental validation;failure probabilities;fault injection analysis;Benchmark testing;Circuit faults;Circuit simulation;Circuit testing;Field programmable gate arrays;Performance analysis;Performance evaluation;Protons;Radiation effects;Robustness;Single event upset;Testing;Fault injection;field programmable gate arrays (FPGA);radiation ground testing;single event effects},
	Month = {Aug},
	Number = {4},
	Pages = {2129-2134},
	Title = {Experimental Validation of Fault Injection Analyses by the FLIPPER Tool},
	Volume = {57},
	Year = {2010},
	Bdsk-Url-1 = {https://doi.org/10.1109/TNS.2010.2043855}
	}

@inproceedings{Rahbaran2004,
	Author = {B. Rahbaran and A. Steininger and T. Handl},
	Booktitle = {Electronic Design, Test and Applications, Proceedings. DELTA 2004. Second IEEE International Workshop on},
	Doi = {10.1109/DELTA.2004.10070},
	Keywords = {built-in self test;fault tolerance;field programmable gate arrays;integrated circuit testing;FIDYCO;built-in fault injection;complex FPGAs;diagnostic resolution;fault injection tool;fault injector;fault tolerance validation;field programmable gate arrays;hardware platform;integrated circuit testing;Availability;Computational modeling;Controllability;Fault tolerance;Fault tolerant systems;Field programmable gate arrays;Hardware;Observability;Real time systems;Testing},
	Month = {Jan},
	Pages = {327-332},
	Title = {Built-in fault injection in hardware - the FIDYCO example},
	Year = {2004},
	Bdsk-Url-1 = {https://doi.org/10.1109/DELTA.2004.10070}
	}

@inproceedings{Shokrolah2008,
	Author = {M. Shokrolah-Shirazi and S. G. Miremadi},
	Booktitle = {Secure System Integration and Reliability Improvement, 2008. SSIRI '08. Second International Conference on},
	Doi = {10.1109/SSIRI.2008.47},
	Keywords = {fault simulation;fault tolerance;field programmable gate arrays;hardware description languages;FPGA-based fault injection tool;OpenRISC 1200 microprocessor;simulation-based fault injection;synthesizable Verilog HDL model;Circuit faults;Circuit simulation;Circuit synthesis;Control system synthesis;Controllability;Digital systems;Field programmable gate arrays;Hardware design languages;Microprocessors;Observability},
	Month = {July},
	Pages = {143-149},
	Title = {FPGA-Based Fault Injection into Synthesizable Verilog HDL Models},
	Year = {2008},
	Bdsk-Url-1 = {https://doi.org/10.1109/SSIRI.2008.47}
	}

@inproceedings{Mazer2015,
	Author = {M. Faix and E. Mazer and R. Laurent and M. Othman Abdallah and R. Le Hy and J. Lobo},
	Booktitle = {Cognitive Informatics Cognitive Computing (ICCI*CC), 2015 IEEE 14th International Conference on},
	Doi = {10.1109/ICCI-CC.2015.7259367},
	Keywords = {Bayes methods;belief networks;cognitive systems;learning (artificial intelligence);BAMBI project;Bayesian filter;Bayesian machine;Bayesian program;artificial systems;circuit description;cognitive computation;electronic circuit computing;natural cognition;non Von Neumann machines;probabilistic inference;probabilistic programming;pseudo noise sequence acquisition;reconfigurable logic;stochastic arithmetic;stochastic bitstreams;Bayes methods;Clocks;Computational modeling;Logic gates;Reconfigurable logic;Welding},
	Month = {July},
	Pages = {67-75},
	Title = {Cognitive computation: A Bayesian machine case study},
	Year = {2015},
	Bdsk-Url-1 = {https://doi.org/10.1109/ICCI-CC.2015.7259367}
	}

@inproceedings{Alaminos2012,
	Author = {V. Alaminos and F. Serrano and J. Clemente and H. Mecha},
	Booktitle = {Conference on Radiation and its Effects on Components and Systems (RADECS)},
	Month = {Sept},
	Title = {Nessy: Animplementation of a low-cost fault-injection platform on a virtex-5 fpga},
	Year = {2012}
	}

@article{Serrano2015,
	Author = {F. Serrano and J. A. Clemente and H. Mecha},
	Doi = {10.1109/TNS.2015.2447391},
	Issn = {0018-9499},
	Journal = {IEEE Transactions on Nuclear Science},
	Keywords = {field programmable gate arrays;filters;flip-flops;logic testing;radiation hardening (electronics);FFE filter;NESSY;SEU;Virtex-5 FPGA;circuit under test;fault injection;feed-forward equalization filter;field programmable gate array;flip-flops;nonintrusive errors injection system;partial instrumentation;partial reconfiguration;single event upsets;Circuit faults;Emulation;Field programmable gate arrays;Flip-flops;Hardware;Instruments;Single event upsets;FPGA;Fault injection;flip-flops;reliability;single event upset (SEU)},
	Number = {4},
	Pages = {1617-1624},
	Title = {A Methodology to Emulate Single Event Upsets in Flip-Flops Using FPGAs through Partial Reconfiguration and Instrumentation},
	Volume = {62},
	Year = {2015},
	Bdsk-Url-1 = {https://doi.org/10.1109/TNS.2015.2447391}
	}

@article{Lopez2007,
	Author = {C. Lopez-Ongil and M. Garcia-Valderas and M. Portela-Garcia and L. Entrena},
	Doi = {10.1109/TNS.2006.889115},
	Issn = {0018-9499},
	Journal = {IEEE Transactions on Nuclear Science},
	Keywords = {VLSI;fault tolerance;field programmable gate arrays;radiation effects;FPGA-based acceleration system;SEU sensitivity evaluation;aerospace circuits;autonomous fault emulation;earth surface;fault injection;fault tolerance;hardness;harsh environments;integrated circuit sensitivity;modern VLSI circuits;nanometer technologies;proposed autonomous emulation approach;reliability testing;Acceleration;Application specific integrated circuits;Circuit faults;Earth;Emulation;Fault tolerance;Field programmable gate arrays;Integrated circuit technology;Radiation hardening;Very large scale integration;FPGA;Fault emulation;SEU;fault injection;fault tolerance;reliability testing},
	Month = {Feb},
	Number = {1},
	Pages = {252-261},
	Title = {Autonomous Fault Emulation: A New FPGA-Based Acceleration System for Hardness Evaluation},
	Volume = {54},
	Year = {2007},
	Bdsk-Url-1 = {https://doi.org/10.1109/TNS.2006.889115}
	}

@inproceedings{Velazco2001,
	Author = {Velazco, R and Rezgui, S and Reguer, E},
	Booktitle = {VII Workshop IBERCHIP},
	Title = {THESIC: Una plataforma flexible para la validation funcional de circuitos integrados},
	Volume = {21},
	Year = {2001}
	}

@article{Ebrahimi2014,
	Abstract = {Abstract By technology down scaling in nowadays digital circuits, their sensitivity to radiation effects increases, making the occurrence of soft errors more probable. As a consequence, soft error rate estimation of complex circuits such as processors is becoming an important issue in safety- and mission-critical applications. Fault injection is a well-known and widely used approach for soft error rate estimation. Development of previous FPGA-based fault injection techniques is very time consuming mainly because they do not adequately exploit supplementary \{FPGA\} tools. This paper proposes an easy-to-develop and flexible FPGA-based fault injection technique. This technique utilizes debugging facilities of Altera \{FPGAs\} in order to inject single event upset (SEU) and multiple bit upset (MBU) fault models in both flip-flops and memory units. As this technique uses \{FPGA\} built-in facilities, it imposes negligible performance and area overheads on the system. The experimental results show that the proposed technique is on average four orders of magnitude faster than a pure simulation-based fault injection. These features make the proposed technique applicable to industrial-scale circuits. },
	Author = {Mojtaba Ebrahimi and Abbas Mohammadi and Alireza Ejlali and Seyed Ghassem Miremadi},
	Doi = {http://dx.doi.org/10.1016/j.microrel.2014.01.002},
	Issn = {0026-2714},
	Journal = {Microelectronics Reliability},
	Number = {5},
	Pages = {1000 - 1008},
	Title = {A fast, flexible, and easy-to-develop FPGA-based fault injection technique},
	Url = {http://www.sciencedirect.com/science/article/pii/S0026271414000067},
	Volume = {54},
	Year = {2014},
	Bdsk-Url-1 = {http://www.sciencedirect.com/science/article/pii/S0026271414000067},
	Bdsk-Url-2 = {http://dx.doi.org/10.1016/j.microrel.2014.01.002}
	}

@inproceedings{Berrojo2002,
	Author = {L. Berrojo and F. Corno and L. Entrena and I. Gonzalez and C. Lopez and M. Sonza Reorda and G. Squillero},
	Booktitle = {VLSI Test Symposium, 2002. (VTS 2002). Proceedings 20th IEEE},
	Doi = {10.1109/VTS.2002.1011143},
	Keywords = {VLSI;fault tolerance;hardware description languages;high level synthesis;integrated circuit design;safety-critical software;RT level;VLSI circuits;fault tolerance insertion;fault-injection algorithm;fault-tolerant structures;safety;safety-critical device;transient faults;Aerospace electronics;Automotive engineering;Circuit faults;Circuit testing;Design engineering;Fault tolerance;Hardware design languages;Process design;Safety;Very large scale integration},
	Pages = {229-236},
	Title = {An industrial environment for high-level fault-tolerant structures insertion and validation},
	Year = {2002},
	Bdsk-Url-1 = {https://doi.org/10.1109/VTS.2002.1011143}
	}

@article{Velazco2010,
	Author = {R. Velazco and G. Foucard and P. Peronnard},
	Doi = {10.1109/TNS.2010.2087355},
	Issn = {0018-9499},
	Journal = {IEEE Transactions on Nuclear Science},
	Keywords = {SRAM chips;field programmable gate arrays;SRAM-Based FPGA;accelerated radiation tests;error rate;fault injection campaigns;field-programmable gate arrays;heavy ion tests;static cross-section;Fault tolerance;Field programmable gate arrays;Life estimation;Single event upset;Accelerated testing;fault injection;fault tolerance;field-programmable gate arrays (FPGAs);single-event rates;single-event upsets SEUs);space applications},
	Month = {Dec},
	Number = {6},
	Pages = {3500-3505},
	Title = {Combining Results of Accelerated Radiation Tests and Fault Injections to Predict the Error Rate of an Application Implemented in SRAM-Based FPGAs},
	Volume = {57},
	Year = {2010},
	Bdsk-Url-1 = {https://doi.org/10.1109/TNS.2010.2087355}
	}

@article{Criswell1984,
	Author = {T. L. Criswell and P. R. Measel and K. L. Wahlin},
	Doi = {10.1109/TNS.1984.4333548},
	Issn = {0018-9499},
	Journal = {IEEE Transactions on Nuclear Science},
	Keywords = {Aerospace testing;Cosmic rays;Cyclotrons;Energy measurement;Iron;Laboratories;Lead;Logic devices;Logic testing;Single event upset},
	Month = {Dec},
	Number = {6},
	Pages = {1559-1561},
	Title = {Single Event Upset Testing with Relativistic Heavy Ions},
	Volume = {31},
	Year = {1984},
	Bdsk-Url-1 = {https://doi.org/10.1109/TNS.1984.4333548}
	}

@article{Quinn2007,
	Author = {H. Quinn and K. Morgan and P. Graham and J. Krone and M. Caffrey and K. Lundgreen},
	Doi = {10.1109/TNS.2007.910870},
	Issn = {0018-9499},
	Journal = {IEEE Transactions on Nuclear Science},
	Keywords = {aerospace instrumentation;field programmable gate arrays;proton effects;Xilinx FPGA;Xilinx Virtex-II devices;accelerated testing;configurable logic block routing network;domain crossing errors;fault injection;fault tolerance;field programmable gate arrays;hardness measurement;multiple-bit upsets;proton radiation effects;radiation hardening;redundant systems;single device triple-modular redundancy circuits;single-FPGA triple-modular redundancy;Circuit faults;Circuit testing;Costs;Field programmable gate arrays;Hardware;Laboratories;Life estimation;Logic programming;Random access memory;Redundancy;Fault tolerance;field programmable gate arrays;hardness measurement;proton radiation effects;radiation hardening;redundant systems},
	Month = {Dec},
	Number = {6},
	Pages = {2037-2043},
	Title = {Domain Crossing Errors: Limitations on Single Device Triple-Modular Redundancy Circuits in Xilinx FPGAs},
	Volume = {54},
	Year = {2007},
	Bdsk-Url-1 = {https://doi.org/10.1109/TNS.2007.910870}
	}

@article{Ibe2010,
	Author = {E. Ibe and H. Taniguchi and Y. Yahagi and K. i. Shimbo and T. Toba},
	Doi = {10.1109/TED.2010.2047907},
	Issn = {0018-9383},
	Journal = {IEEE Transactions on Electron Devices},
	Keywords = {Monte Carlo methods;SRAM chips;integrated circuit design;CORIMS;CYRIC;LANSCE;Monte-Carlo simulator;SRAM;TSL;design rule;neutron fields;neutron-induced soft error;terrestrial neutron-induced soft-error;Electrical safety;Error correction codes;Identity-based encryption;Life estimation;Neutrons;Predictive models;Protection;Redundancy;Single event upset;Testing;Bit multiplicity;cosmic ray impact simulator (CORIMS);multi-cell upset (MCU);multi-node upset (MNU);scaling;single event upset (SEU);static random access memories (SRAMs)},
	Month = {July},
	Number = {7},
	Pages = {1527-1538},
	Title = {Impact of Scaling on Neutron-Induced Soft Error in SRAMs From a 250 nm to a 22 nm Design Rule},
	Volume = {57},
	Year = {2010},
	Bdsk-Url-1 = {https://doi.org/10.1109/TED.2010.2047907}
	}

@inproceedings{Dixit2011,
	Author = {A. Dixit and A. Wood},
	Booktitle = {Reliability Physics Symposium (IRPS), 2011 IEEE International},
	Doi = {10.1109/IRPS.2011.5784522},
	Issn = {1541-7026},
	Keywords = {integrated circuit reliability;microprocessor chips;radiation hardening (electronics);Oracle;SER;Sun Microsystems;dynamic voltage frequency scaling;energy-efficient transistors;flop error rates;microprocessor design;microprocessor energy reduction;microprocessor reliability;microprocessor soft error rate;microprocessor technology;neutron beam testing;power supply voltage;size 28 nm;voltage 1.2 V to 0.5 V;Attenuation;Microprocessors;Neutrons;Particle beams;Random access memory;Single event upset;Testing;bit error rates;neutron beam testing;single-event upset;soft error},
	Month = {April},
	Pages = {5B.4.1-5B.4.7},
	Title = {The impact of new technology on soft error rates},
	Year = {2011},
	Bdsk-Url-1 = {https://doi.org/10.1109/IRPS.2011.5784522}
	}

@inproceedings{Mansour2013-2,
	Author = {W. Mansour and R. Velazco and R. Ayoubi and H. Ziade and W. El Falou},
	Booktitle = {2013 25th International Conference on Microelectronics (ICM)},
	Doi = {10.1109/ICM.2013.6734986},
	Issn = {2159-1660},
	Keywords = {neural nets;radiation hardening (electronics);transients;HDL-based designs;SET fault-injection;artificial neural network benchmark application;automated tool;energetic particles;radiation environment;register transfer level model;transient faults;Circuit faults;Computers;Indexes;Monitoring;Reliability;SDRAM;Table lookup;Fault Injection;Hardware Description Language;SRAM-based FPGA;Single Event Transients;soft-errors},
	Month = {Dec},
	Pages = {1-4},
	Title = {A method and an automated tool to perform SET fault-injection on HDL-based designs},
	Year = {2013},
	Bdsk-Url-1 = {https://doi.org/10.1109/ICM.2013.6734986}
	}

@article{Mansour2013-1,
	Author = {W. Mansour and R. Velazco},
	Doi = {10.1109/TNS.2013.2267097},
	Issn = {0018-9499},
	Journal = {IEEE Transactions on Nuclear Science},
	Keywords = {fault diagnosis;hardware description languages;integrated circuit design;integrated circuit testing;microcontrollers;radiation hardening (electronics);8051 microcontroller;HDL-based design;SEU error-rate prediction;automated SEU fault-injection method;integrated circuit;radiation ground testing;soft-error sensitivity;Circuit faults;Field programmable gate arrays;Hardware;Hardware design languages;Integrated circuit modeling;Program processors;Testing;Fault injection;SRAM-based FPGA;hardware description language;single event upsets},
	Month = {Aug},
	Number = {4},
	Pages = {2728-2733},
	Title = {An Automated SEU Fault-Injection Method and Tool for HDL-Based Designs},
	Volume = {60},
	Year = {2013},
	Bdsk-Url-1 = {https://doi.org/10.1109/TNS.2013.2267097}
	}

@book{Velazco2007,
	Address = {Secaucus, NJ, USA},
	Author = {Velazco, Raoul and Fouillat, Pascal and Reis, Ricardo},
	Isbn = {1402056451},
	Publisher = {Springer-Verlag New York, Inc.},
	Title = {Radiation Effects on Embedded Systems},
	Year = {2007}
	}

@article{netfi2,
	Author = {M. Solinas Jr A. Coelhoy J. A. Frairey N. E. Zergainohy P. A. Ferreyraz and R. Velazcoy},
	Journal = {IEEE Transactions on Nuclear Science},
	Keywords = {Fault Injection, Hardware Description Language,Single Event Upsets, Single Event Transients, FPGAs},
	Title = {First Results of NETFI-2: A New Tool for Fault Injection on HDL-Based Designs},
	Year = {2016}
  }

@article{alteraLUTs,
	Author = {Altera Corporation},
	Title = {Building LookUp Tables},
	Year = {2006}
  }
